<?xml version="1.0" encoding="UTF-8"?>
<!DOCTYPE html PUBLIC "-//W3C//DTD XHTML 1.0 Transitional//EN"
    "http://www.w3.org/TR/xhtml1/DTD/xhtml1-transitional.dtd">
<html xmlns="http://www.w3.org/1999/xhtml" xml:lang="en" lang="en">
 <head>
  <title>
</title>
<meta http-equiv="Content-Type" content="text/html;charset=utf-8" />
  <meta name='ocr-system' content='tesseract 3.04.00' />
  <meta name='ocr-capabilities' content='ocr_page ocr_carea ocr_par ocr_line ocrx_word'/>
</head>
<body>
  <div class='ocr_page' id='page_1' title='image "./lavernacontribut00menc_0289.png"; bbox 0 0 2325 3552; ppageno 0'>
   <div class='ocr_carea' id='block_1_1' title="bbox 195 248 1143 252">
    <p class='ocr_par' dir='ltr' id='par_1_1' title="bbox 195 248 1143 252">
     <span class='ocr_line' id='line_1_1' title="bbox 195 248 1143 252; baseline 0 0"><span class='ocrx_word' id='word_1_1' title='bbox 195 248 1143 252; x_wconf 95' lang='lat' dir='ltr'> </span> 
     </span>
    </p>
   </div>
   <div class='ocr_carea' id='block_1_2' title="bbox 666 153 1892 217">
    <p class='ocr_par' dir='ltr' id='par_1_2' title="bbox 666 153 1892 217">
     <span class='ocr_line' id='line_1_2' title="bbox 666 153 1892 217; baseline 0.004 -5"><span class='ocrx_word' id='word_1_2' title='bbox 666 153 933 212; x_wconf 72' lang='lat' dir='ltr'>UBERTINO</span> <span class='ocrx_word' id='word_1_3' title='bbox 962 176 1037 211; x_wconf 82' lang='lat' dir='ltr'>DA</span> <span class='ocrx_word' id='word_1_4' title='bbox 1065 176 1270 212; x_wconf 78' lang='lat' dir='ltr'><strong>OASALE</strong></span> <span class='ocrx_word' id='word_1_5' title='bbox 1306 177 1414 213; x_wconf 72' lang='lat' dir='ltr'>nce.</span> <span class='ocrx_word' id='word_1_6' title='bbox 1823 182 1892 217; x_wconf 78' lang='lat'>259</span> 
     </span>
    </p>
   </div>
   <div class='ocr_carea' id='block_1_3' title="bbox 192 329 1900 675">
    <p class='ocr_par' dir='ltr' id='par_1_3' title="bbox 192 329 1900 675">
     <span class='ocr_line' id='line_1_3' title="bbox 193 329 1900 377; baseline 0.002 -12"><span class='ocrx_word' id='word_1_7' title='bbox 193 330 365 377; x_wconf 87' lang='lat' dir='ltr'>potendo</span> <span class='ocrx_word' id='word_1_8' title='bbox 391 330 537 366; x_wconf 77' lang='lat' dir='ltr'>vedere</span> <span class='ocrx_word' id='word_1_9' title='bbox 565 330 667 376; x_wconf 82' lang='lat' dir='ltr'>cogli</span> <span class='ocrx_word' id='word_1_10' title='bbox 686 329 797 365; x_wconf 84' lang='lat' dir='ltr'>occhi</span> <span class='ocrx_word' id='word_1_11' title='bbox 816 330 1011 376; x_wconf 86' lang='lat' dir='ltr'>corporali</span> <span class='ocrx_word' id='word_1_12' title='bbox 1030 330 1070 364; x_wconf 86' lang='lat' dir='ltr'>la</span> <span class='ocrx_word' id='word_1_13' title='bbox 1101 340 1218 365; x_wconf 83' lang='lat' dir='ltr'>sacra</span> <span class='ocrx_word' id='word_1_14' title='bbox 1244 331 1348 366; x_wconf 87' lang='lat' dir='ltr'>ostia</span> <span class='ocrx_word' id='word_1_15' title='bbox 1366 332 1474 367; x_wconf 84' lang='lat' dir='ltr'>nella</span> <span class='ocrx_word' id='word_1_16' title='bbox 1502 333 1776 369; x_wconf 86' lang='lat' dir='ltr'>celebrazione</span> <span class='ocrx_word' id='word_1_17' title='bbox 1795 334 1900 370; x_wconf 84' lang='lat' dir='ltr'>della</span> 
     </span>
     <span class='ocr_line' id='line_1_4' title="bbox 192 388 1898 435; baseline 0.002 -11"><span class='ocrx_word' id='word_1_18' title='bbox 192 399 336 435; x_wconf 81' lang='lat' dir='ltr'>messa,</span> <span class='ocrx_word' id='word_1_19' title='bbox 355 388 524 424; x_wconf 86' lang='lat' dir='ltr'>essendo</span> <span class='ocrx_word' id='word_1_20' title='bbox 543 388 663 429; x_wconf 78' lang='grc'><strong>01000,</strong></span> <span class='ocrx_word' id='word_1_21' title='bbox 682 388 906 424; x_wconf 80' lang='lat' dir='ltr'>affermava</span> <span class='ocrx_word' id='word_1_22' title='bbox 924 388 1100 423; x_wconf 81' lang='lat' dir='ltr'>tuttavia</span> <span class='ocrx_word' id='word_1_23' title='bbox 1118 388 1156 423; x_wconf 87' lang='lat' dir='ltr'>ai</span> <span class='ocrx_word' id='word_1_24' title='bbox 1176 388 1275 424; x_wconf 82' lang='lat' dir='ltr'>frati</span> <span class='ocrx_word' id='word_1_25' title='bbox 1294 389 1333 424; x_wconf 88' lang='lat' dir='ltr'>di</span> <span class='ocrx_word' id='word_1_26' title='bbox 1353 390 1500 426; x_wconf 82' lang='lat' dir='ltr'>vedere</span> <span class='ocrx_word' id='word_1_27' title='bbox 1514 391 1537 426; x_wconf 82' lang='lat' dir='ltr'>l&#39;</span> <span class='ocrx_word' id='word_1_28' title='bbox 1550 391 1758 427; x_wconf 87' lang='lat' dir='ltr'>incarnato</span> <span class='ocrx_word' id='word_1_29' title='bbox 1777 394 1898 429; x_wconf 86' lang='lat' dir='ltr'>verbo</span> 
     </span>
     <span class='ocr_line' id='line_1_5' title="bbox 193 448 1900 498; baseline 0.003 -15"><span class='ocrx_word' id='word_1_30' title='bbox 193 448 233 483; x_wconf 89' lang='lat' dir='ltr'>di</span> <span class='ocrx_word' id='word_1_31' title='bbox 260 448 358 493; x_wconf 84' lang='lat' dir='ltr'>Dio:</span> <span class='ocrx_word' id='word_1_32' title='bbox 386 448 488 484; x_wconf 90' lang='lat' dir='ltr'>delle</span> <span class='ocrx_word' id='word_1_33' title='bbox 508 448 616 494; x_wconf 84' lang='lat' dir='ltr'>quali</span> <span class='ocrx_word' id='word_1_34' title='bbox 634 459 725 483; x_wconf 87' lang='lat' dir='ltr'>cose</span> <span class='ocrx_word' id='word_1_35' title='bbox 744 448 912 494; x_wconf 82' lang='lat' dir='ltr'>parlava</span> <span class='ocrx_word' id='word_1_36' title='bbox 938 458 1012 482; x_wconf 88' lang='lat' dir='ltr'>con</span> <span class='ocrx_word' id='word_1_37' title='bbox 1041 448 1133 483; x_wconf 88' lang='lat' dir='ltr'>essi.</span> <span class='ocrx_word' id='word_1_38' title='bbox 1160 448 1272 483; x_wconf 87' lang='lat' dir='ltr'>Ebbe</span> <span class='ocrx_word' id='word_1_39' title='bbox 1299 460 1397 495; x_wconf 88' lang='lat' dir='ltr'>pure</span> <span class='ocrx_word' id='word_1_40' title='bbox 1432 450 1459 484; x_wconf 88' lang='lat' dir='ltr'>il</span> <span class='ocrx_word' id='word_1_41' title='bbox 1479 450 1580 485; x_wconf 87' lang='lat' dir='ltr'>dono</span> <span class='ocrx_word' id='word_1_42' title='bbox 1600 451 1705 487; x_wconf 86' lang='lat' dir='ltr'>della</span> <span class='ocrx_word' id='word_1_43' title='bbox 1722 452 1900 498; x_wconf 83' lang='lat' dir='ltr'>profezia</span> 
     </span>
     <span class='ocr_line' id='line_1_6' title="bbox 193 506 1898 557; baseline 0.002 -14"><span class='ocrx_word' id='word_1_44' title='bbox 193 518 214 543; x_wconf 91' lang='lat' dir='ltr'>e</span> <span class='ocrx_word' id='word_1_45' title='bbox 240 507 321 543; x_wconf 89' lang='lat' dir='ltr'>tale</span> <span class='ocrx_word' id='word_1_46' title='bbox 347 507 557 542; x_wconf 85' lang='lat' dir='ltr'>chiarezza</span> <span class='ocrx_word' id='word_1_47' title='bbox 583 506 622 542; x_wconf 85' lang='lat' dir='ltr'>di</span> <span class='ocrx_word' id='word_1_48' title='bbox 648 508 794 547; x_wconf 73' lang='lat' dir='ltr'>mente,</span> <span class='ocrx_word' id='word_1_49' title='bbox 826 506 910 547; x_wconf 73' lang='grc'><strong>0110,</strong></span> <span class='ocrx_word' id='word_1_50' title='bbox 945 506 1200 552; x_wconf 84' lang='lat' dir='ltr'>prevedendo</span> <span class='ocrx_word' id='word_1_51' title='bbox 1228 517 1321 543; x_wconf 89' lang='lat' dir='ltr'>cose</span> <span class='ocrx_word' id='word_1_52' title='bbox 1348 508 1494 554; x_wconf 66' lang='lat' dir='ltr'>future,</span> <span class='ocrx_word' id='word_1_53' title='bbox 1524 509 1632 545; x_wconf 86' lang='lat' dir='ltr'>dette</span> <span class='ocrx_word' id='word_1_54' title='bbox 1660 511 1773 557; x_wconf 79' lang='lat' dir='ltr'>segni</span> <span class='ocrx_word' id='word_1_55' title='bbox 1801 513 1898 548; x_wconf 86' lang='lat' dir='ltr'>certi</span> 
     </span>
     <span class='ocr_line' id='line_1_7' title="bbox 194 565 1899 614; baseline 0.003 -12"><span class='ocrx_word' id='word_1_56' title='bbox 194 566 234 602; x_wconf 88' lang='lat' dir='ltr'>di</span> <span class='ocrx_word' id='word_1_57' title='bbox 261 577 394 603; x_wconf 78' lang='lat' dir='ltr'>essere</span> <span class='ocrx_word' id='word_1_58' title='bbox 422 566 559 601; x_wconf 86' lang='lat' dir='ltr'>dotata</span> <span class='ocrx_word' id='word_1_59' title='bbox 585 566 624 601; x_wconf 91' lang='lat' dir='ltr'>di</span> <span class='ocrx_word' id='word_1_60' title='bbox 652 566 792 612; x_wconf 86' lang='lat' dir='ltr'>spirito</span> <span class='ocrx_word' id='word_1_61' title='bbox 821 565 1025 612; x_wconf 79' lang='lat' dir='ltr'>profetico.</span> <span class='ocrx_word' id='word_1_62' title='bbox 1046 566 1146 600; x_wconf 84' lang='lat' dir='ltr'>Mori</span> <span class='ocrx_word' id='word_1_63' title='bbox 1164 566 1192 600; x_wconf 90' lang='lat' dir='ltr'>il</span> <span class='ocrx_word' id='word_1_64' title='bbox 1221 566 1264 601; x_wconf 86' lang='lat'>13</span> <span class='ocrx_word' id='word_1_65' title='bbox 1292 566 1331 601; x_wconf 88' lang='lat' dir='ltr'>di</span> <span class='ocrx_word' id='word_1_66' title='bbox 1358 567 1497 614; x_wconf 83' lang='lat' dir='ltr'>Aprile</span> <span class='ocrx_word' id='word_1_67' title='bbox 1527 569 1590 605; x_wconf 88' lang='grc'><strong>(101</strong></span> <span class='ocrx_word' id='word_1_68' title='bbox 1620 570 1711 606; x_wconf 78' lang='lat'>1320</span> <span class='ocrx_word' id='word_1_69' title='bbox 1737 571 1778 606; x_wconf 89' lang='lat' dir='ltr'>in</span> <span class='ocrx_word' id='word_1_70' title='bbox 1805 583 1899 608; x_wconf 86' lang='lat' dir='ltr'>casa</span> 
     </span>
     <span class='ocr_line' id='line_1_8' title="bbox 194 624 1900 675; baseline 0.003 -13"><span class='ocrx_word' id='word_1_71' title='bbox 194 626 258 662; x_wconf 89' lang='lat' dir='ltr'>dei</span> <span class='ocrx_word' id='word_1_72' title='bbox 284 625 456 673; x_wconf 86' lang='lat' dir='ltr'>predetti</span> <span class='ocrx_word' id='word_1_73' title='bbox 482 625 643 670; x_wconf 83' lang='lat' dir='ltr'>coniugi</span> <span class='ocrx_word' id='word_1_74' title='bbox 670 624 893 660; x_wconf 83' lang='lat' dir='ltr'>Venturino</span> <span class='ocrx_word' id='word_1_75' title='bbox 923 635 944 659; x_wconf 91' lang='lat' dir='ltr'>e</span> <span class='ocrx_word' id='word_1_76' title='bbox 966 624 1114 670; x_wconf 72' lang='lat' dir='ltr'>Grigia‚</span> <span class='ocrx_word' id='word_1_77' title='bbox 1142 624 1243 671; x_wconf 89' lang='lat' dir='ltr'>dopo</span> <span class='ocrx_word' id='word_1_78' title='bbox 1271 636 1367 661; x_wconf 82' lang='lat' dir='ltr'>aver</span> <span class='ocrx_word' id='word_1_79' title='bbox 1395 627 1596 663; x_wconf 83' lang='lat' dir='ltr'>chiamato</span> <span class='ocrx_word' id='word_1_80' title='bbox 1625 640 1762 675; x_wconf 87' lang='lat' dir='ltr'>presso</span> <span class='ocrx_word' id='word_1_81' title='bbox 1791 630 1830 666; x_wconf 91' lang='lat' dir='ltr'>di</span> <span class='ocrx_word' id='word_1_82' title='bbox 1858 633 1900 667; x_wconf 81' lang='lat' dir='ltr'>se</span> 
     </span>
    </p>
   </div>
   <div class='ocr_carea' id='block_1_4' title="bbox 193 685 337 720">
    <p class='ocr_par' dir='ltr' id='par_1_4' title="bbox 193 685 337 720">
     <span class='ocr_line' id='line_1_9' title="bbox 193 685 337 720; baseline 0 0"><span class='ocrx_word' id='word_1_83' title='bbox 193 686 206 720; x_wconf 90' lang='lat' dir='ltr'>i</span> <span class='ocrx_word' id='word_1_84' title='bbox 232 685 337 720; x_wconf 81' lang='lat' dir='ltr'>frati.</span> 
     </span>
    </p>
   </div>
   <div class='ocr_carea' id='block_1_5' title="bbox 185 743 1900 911">
    <p class='ocr_par' dir='ltr' id='par_1_5' title="bbox 185 743 1900 911">
     <span class='ocr_line' id='line_1_10' title="bbox 310 743 1900 792; baseline 0.004 -12"><span class='ocrx_word' id='word_1_85' title='bbox 310 745 376 780; x_wconf 85' lang='lat' dir='ltr'>Ma</span> <span class='ocrx_word' id='word_1_86' title='bbox 402 744 579 780; x_wconf 73' lang='lat' dir='ltr'>affinche</span> <span class='ocrx_word' id='word_1_87' title='bbox 618 743 883 790; x_wconf 80' lang='lat' dir='ltr'>appariscano</span> <span class='ocrx_word' id='word_1_88' title='bbox 924 743 1069 788; x_wconf 80' lang='lat' dir='ltr'>meglio</span> <span class='ocrx_word' id='word_1_89' title='bbox 1096 743 1109 777; x_wconf 90' lang='lat' dir='ltr'>i</span> <span class='ocrx_word' id='word_1_90' title='bbox 1136 744 1251 790; x_wconf 87' lang='lat' dir='ltr'>punti</span> <span class='ocrx_word' id='word_1_91' title='bbox 1287 744 1326 779; x_wconf 88' lang='lat' dir='ltr'>di</span> <span class='ocrx_word' id='word_1_92' title='bbox 1362 746 1623 792; x_wconf 80' lang='lat' dir='ltr'>somiglianza</span> <span class='ocrx_word' id='word_1_93' title='bbox 1657 748 1718 784; x_wconf 82' lang='lat' dir='ltr'>fra</span> <span class='ocrx_word' id='word_1_94' title='bbox 1744 749 1784 785; x_wconf 86' lang='lat' dir='ltr'>la</span> <span class='ocrx_word' id='word_1_95' title='bbox 1810 762 1900 786; x_wconf 87' lang='lat' dir='ltr'>ver-</span> 
     </span>
     <span class='ocr_line' id='line_1_11' title="bbox 193 802 1899 852; baseline 0.003 -12"><span class='ocrx_word' id='word_1_96' title='bbox 193 805 286 851; x_wconf 83' lang='lat' dir='ltr'>gine</span> <span class='ocrx_word' id='word_1_97' title='bbox 313 804 505 840; x_wconf 83' lang='lat' dir='ltr'>descritta</span> <span class='ocrx_word' id='word_1_98' title='bbox 532 803 583 838; x_wconf 86' lang='lat' dir='ltr'>da</span> <span class='ocrx_word' id='word_1_99' title='bbox 609 803 803 839; x_wconf 83' lang='lat' dir='ltr'>Ubertino</span> <span class='ocrx_word' id='word_1_100' title='bbox 831 813 852 838; x_wconf 91' lang='lat' dir='ltr'>e</span> <span class='ocrx_word' id='word_1_101' title='bbox 879 803 918 837; x_wconf 86' lang='lat' dir='ltr'>la</span> <span class='ocrx_word' id='word_1_102' title='bbox 944 802 986 837; x_wconf 82' lang='lat' dir='ltr'>B.</span> <span class='ocrx_word' id='word_1_103' title='bbox 1016 802 1272 848; x_wconf 74' lang='lat' dir='ltr'>Margherita,</span> <span class='ocrx_word' id='word_1_104' title='bbox 1292 805 1516 852; x_wconf 80' lang='lat' dir='ltr'>soggiungo</span> <span class='ocrx_word' id='word_1_105' title='bbox 1535 807 1548 841; x_wconf 93' lang='lat' dir='ltr'>i</span> <span class='ocrx_word' id='word_1_106' title='bbox 1568 808 1680 843; x_wconf 82' lang='lat' dir='ltr'>tratti</span> <span class='ocrx_word' id='word_1_107' title='bbox 1700 808 1899 845; x_wconf 68' lang='grc'><strong>(10100111-</strong></span> 
     </span>
     <span class='ocr_line' id='line_1_12' title="bbox 185 860 1532 911; baseline 0.001 -13"><span class='ocrx_word' id='word_1_108' title='bbox 185 865 384 911; x_wconf 62' lang='lat' dir='ltr'>pendium</span> <span class='ocrx_word' id='word_1_109' title='bbox 414 865 522 898; x_wconf 63' lang='lat' dir='ltr'>visae</span> <span class='ocrx_word' id='word_1_110' title='bbox 549 862 654 898; x_wconf 85' lang='lat' dir='ltr'>della</span> <span class='ocrx_word' id='word_1_111' title='bbox 680 862 806 897; x_wconf 84' lang='lat' dir='ltr'>Beata</span> <span class='ocrx_word' id='word_1_112' title='bbox 833 861 872 896; x_wconf 88' lang='grc'>(11</span> <span class='ocrx_word' id='word_1_113' title='bbox 900 860 1030 896; x_wconf 56' lang='lat' dir='ltr'>‘Fronte</span> <span class='ocrx_word' id='word_1_114' title='bbox 1058 862 1096 896; x_wconf 78' lang='grc'>01</span> <span class='ocrx_word' id='word_1_115' title='bbox 1122 863 1227 897; x_wconf 77' lang='lat' dir='ltr'>testo</span> <span class='ocrx_word' id='word_1_116' title='bbox 1256 862 1295 897; x_wconf 86' lang='lat' dir='ltr'>di</span> <span class='ocrx_word' id='word_1_117' title='bbox 1323 863 1532 900; x_wconf 81' lang='lat' dir='ltr'>Ubertino.</span> 
     </span>
    </p>
   </div>
   <div class='ocr_carea' id='block_1_6' title="bbox 264 980 939 1009">
    <p class='ocr_par' dir='ltr' id='par_1_6' title="bbox 264 980 939 1009">
     <span class='ocr_line' id='line_1_13' title="bbox 264 980 939 1009; baseline -0.006 0"><span class='ocrx_word' id='word_1_118' title='bbox 264 982 427 1009; x_wconf 61' lang='lat' dir='ltr'>Unnrvrmo</span> <span class='ocrx_word' id='word_1_119' title='bbox 448 982 563 1009; x_wconf 71' lang='lat' dir='ltr'>Arbor</span> <span class='ocrx_word' id='word_1_120' title='bbox 581 982 668 1008; x_wconf 73' lang='lat' dir='ltr'>vitae</span> <span class='ocrx_word' id='word_1_121' title='bbox 691 980 775 1007; x_wconf 86' lang='lat' dir='ltr'>Prol.</span> <span class='ocrx_word' id='word_1_122' title='bbox 790 980 810 1006; x_wconf 77' lang='lat' dir='ltr'>s.</span> <span class='ocrx_word' id='word_1_123' title='bbox 825 980 869 1006; x_wconf 86' lang='lat' dir='ltr'>III</span> <span class='ocrx_word' id='word_1_124' title='bbox 884 980 939 1006; x_wconf 68' lang='lat' dir='ltr'>vl).</span> 
     </span>
    </p>
   </div>
   <div class='ocr_carea' id='block_1_7' title="bbox 193 1050 1007 1176">
    <p class='ocr_par' dir='ltr' id='par_1_7' title="bbox 193 1050 1007 1176">
     <span class='ocr_line' id='line_1_14' title="bbox 269 1050 1007 1088; baseline -0.005 -8"><span class='ocrx_word' id='word_1_125' title='bbox 269 1053 394 1088; x_wconf 67' lang='lat' dir='ltr'>Tempo</span> <span class='ocrx_word' id='word_1_126' title='bbox 411 1059 422 1064; x_wconf 68' lang='lat'>¹*</span> <span class='ocrx_word' id='word_1_127' title='bbox 483 1060 502 1079; x_wconf 89' lang='lat' dir='ltr'>a</span> <span class='ocrx_word' id='word_1_128' title='bbox 522 1054 641 1079; x_wconf 85' lang='lat' dir='ltr'>tenera</span> <span class='ocrx_word' id='word_1_129' title='bbox 656 1054 745 1078; x_wconf 77' lang='lat' dir='ltr'>etate</span> <span class='ocrx_word' id='word_1_130' title='bbox 820 1051 891 1083; x_wconf 78' lang='lat' dir='ltr'>Jam</span> <span class='ocrx_word' id='word_1_131' title='bbox 907 1050 1007 1079; x_wconf 71' lang='lat' dir='ltr'>(l&#39;an-</span> 
     </span>
     <span class='ocr_line' id='line_1_15' title="bbox 193 1098 1007 1134; baseline -0.005 -6"><span class='ocrx_word' id='word_1_132' title='bbox 193 1108 237 1128; x_wconf 90' lang='lat' dir='ltr'>no</span> <span class='ocrx_word' id='word_1_133' title='bbox 253 1101 334 1134; x_wconf 88' lang='lat'>1305)</span> <span class='ocrx_word' id='word_1_134' title='bbox 355 1107 416 1133; x_wconf 89' lang='lat' dir='ltr'>per</span> <span class='ocrx_word' id='word_1_135' title='bbox 435 1099 498 1127; x_wconf 83' lang='lat' dir='ltr'>XV</span> <span class='ocrx_word' id='word_1_136' title='bbox 513 1107 623 1126; x_wconf 89' lang='lat' dir='ltr'>annos</span> <span class='ocrx_word' id='word_1_137' title='bbox 644 1099 732 1125; x_wconf 73' lang='lat' dir='ltr'>luxit</span> <span class='ocrx_word' id='word_1_138' title='bbox 746 1101 783 1125; x_wconf 89' lang='grc'>111</span> <span class='ocrx_word' id='word_1_139' title='bbox 798 1098 1007 1131; x_wconf 73' lang='lat' dir='ltr'>splendidis-</span> 
     </span>
     <span class='ocr_line' id='line_1_16' title="bbox 196 1149 525 1176; baseline -0.006 0"><span class='ocrx_word' id='word_1_140' title='bbox 196 1150 322 1176; x_wconf 88' lang='lat' dir='ltr'>simum</span> <span class='ocrx_word' id='word_1_141' title='bbox 342 1149 525 1175; x_wconf 88' lang='lat' dir='ltr'>luminare.</span> 
     </span>
    </p>
   </div>
   <div class='ocr_carea' id='block_1_8' title="bbox 197 1409 1009 1538">
    <p class='ocr_par' dir='ltr' id='par_1_8' title="bbox 197 1409 1009 1538">
     <span class='ocr_line' id='line_1_17' title="bbox 263 1409 1007 1445; baseline -0.004 -7"><span class='ocrx_word' id='word_1_142' title='bbox 263 1410 478 1445; x_wconf 71' lang='lat' dir='ltr'>Famiylia...</span> <span class='ocrx_word' id='word_1_143' title='bbox 491 1432 497 1437; x_wconf 94' lang='lat'>.</span> <span class='ocrx_word' id='word_1_144' title='bbox 512 1409 607 1437; x_wconf 82' lang='lat' dir='ltr'>Haec</span> <span class='ocrx_word' id='word_1_145' title='bbox 622 1410 657 1436; x_wconf 85' lang='lat' dir='ltr'>in</span> <span class='ocrx_word' id='word_1_146' title='bbox 673 1410 785 1436; x_wconf 84' lang='lat' dir='ltr'>medio</span> <span class='ocrx_word' id='word_1_147' title='bbox 801 1409 940 1436; x_wconf 81' lang='lat' dir='ltr'>distorte</span> <span class='ocrx_word' id='word_1_148' title='bbox 956 1409 1007 1435; x_wconf 81' lang='lat' dir='ltr'>fa-</span> 
     </span>
     <span class='ocr_line' id='line_1_18' title="bbox 197 1457 1007 1485; baseline -0.002 0"><span class='ocrx_word' id='word_1_149' title='bbox 197 1458 292 1485; x_wconf 90' lang='lat' dir='ltr'>milie</span> <span class='ocrx_word' id='word_1_150' title='bbox 324 1458 406 1485; x_wconf 88' lang='lat' dir='ltr'>licet</span> <span class='ocrx_word' id='word_1_151' title='bbox 432 1458 559 1485; x_wconf 90' lang='lat' dir='ltr'>nobilis</span> <span class='ocrx_word' id='word_1_152' title='bbox 587 1460 620 1484; x_wconf 86' lang='lat' dir='ltr'>et</span> <span class='ocrx_word' id='word_1_153' title='bbox 652 1457 769 1484; x_wconf 74' lang='lat' dir='ltr'>divitis</span> <span class='ocrx_word' id='word_1_154' title='bbox 800 1457 859 1483; x_wconf 78' lang='lat' dir='ltr'>sed</span> <span class='ocrx_word' id='word_1_155' title='bbox 892 1459 1007 1483; x_wconf 83' lang='lat' dir='ltr'>tamen</span> 
     </span>
     <span class='ocr_line' id='line_1_19' title="bbox 198 1503 1009 1538; baseline -0.004 -5"><span class='ocrx_word' id='word_1_156' title='bbox 198 1505 347 1533; x_wconf 87' lang='lat' dir='ltr'>multum</span> <span class='ocrx_word' id='word_1_157' title='bbox 362 1512 523 1538; x_wconf 77' lang='lat' dir='ltr'>perverse</span> <span class='ocrx_word' id='word_1_158' title='bbox 549 1507 581 1532; x_wconf 87' lang='lat' dir='ltr'>et</span> <span class='ocrx_word' id='word_1_159' title='bbox 601 1512 621 1531; x_wconf 87' lang='lat' dir='ltr'>a</span> <span class='ocrx_word' id='word_1_160' title='bbox 635 1505 693 1531; x_wconf 80' lang='lat' dir='ltr'>via</span> <span class='ocrx_word' id='word_1_161' title='bbox 714 1503 839 1531; x_wconf 77' lang='lat' dir='ltr'>Christi</span> <span class='ocrx_word' id='word_1_162' title='bbox 855 1504 1009 1531; x_wconf 78' lang='grc'><strong>0110110...</strong></span> 
     </span>
    </p>
   </div>
   <div class='ocr_carea' id='block_1_9' title="bbox 200 1636 1010 1719">
    <p class='ocr_par' dir='ltr' id='par_1_9' title="bbox 200 1636 1010 1719">
     <span class='ocr_line' id='line_1_20' title="bbox 268 1636 1010 1671; baseline -0.004 -6"><span class='ocrx_word' id='word_1_163' title='bbox 268 1637 502 1671; x_wconf 68' lang='lat' dir='ltr'>Infermitci...</span> <span class='ocrx_word' id='word_1_164' title='bbox 533 1636 639 1669; x_wconf 84' lang='lat' dir='ltr'>Cujus</span> <span class='ocrx_word' id='word_1_165' title='bbox 669 1637 739 1663; x_wconf 79' lang='lat' dir='ltr'>vita</span> <span class='ocrx_word' id='word_1_166' title='bbox 772 1636 808 1663; x_wconf 86' lang='grc'>111</span> <span class='ocrx_word' id='word_1_167' title='bbox 840 1636 1010 1669; x_wconf 79' lang='lat' dir='ltr'>patientia</span> 
     </span>
     <span class='ocr_line' id='line_1_21' title="bbox 200 1684 832 1719; baseline -0.002 -7"><span class='ocrx_word' id='word_1_168' title='bbox 200 1685 363 1713; x_wconf 75' lang='lat' dir='ltr'>continue</span> <span class='ocrx_word' id='word_1_169' title='bbox 384 1685 599 1719; x_wconf 66' lang='lat' dir='ltr'>infirmitatis</span> <span class='ocrx_word' id='word_1_170' title='bbox 621 1684 811 1711; x_wconf 82' lang='lat' dir='ltr'>terribilis..</span> <span class='ocrx_word' id='word_1_171' title='bbox 828 1707 832 1711; x_wconf 97' lang='lat'>.</span> 
     </span>
    </p>
   </div>
   <div class='ocr_carea' id='block_1_10' title="bbox 196 1767 1009 1937">
    <p class='ocr_par' dir='ltr' id='par_1_10' title="bbox 196 1767 1009 1937">
     <span class='ocr_line' id='line_1_22' title="bbox 265 1767 1008 1800; baseline -0.001 -5"><span class='ocrx_word' id='word_1_172' title='bbox 265 1768 486 1796; x_wconf 66' lang='lat' dir='ltr'>Austerzsstci..</span> <span class='ocrx_word' id='word_1_173' title='bbox 515 1767 620 1800; x_wconf 85' lang='lat' dir='ltr'>Cujus</span> <span class='ocrx_word' id='word_1_174' title='bbox 646 1768 719 1794; x_wconf 71' lang='lat' dir='ltr'>vita</span> <span class='ocrx_word' id='word_1_175' title='bbox 745 1768 781 1794; x_wconf 91' lang='lat' dir='ltr'>in</span> <span class='ocrx_word' id='word_1_176' title='bbox 808 1767 1008 1794; x_wconf 78' lang='lat' dir='ltr'>austeritate</span> 
     </span>
     <span class='ocr_line' id='line_1_23' title="bbox 198 1815 1009 1848; baseline -0.001 -6"><span class='ocrx_word' id='word_1_177' title='bbox 198 1816 265 1843; x_wconf 90' lang='lat' dir='ltr'>cibi</span> <span class='ocrx_word' id='word_1_178' title='bbox 286 1818 319 1842; x_wconf 86' lang='lat' dir='ltr'>et</span> <span class='ocrx_word' id='word_1_179' title='bbox 350 1817 490 1848; x_wconf 86' lang='lat' dir='ltr'>potus..</span> <span class='ocrx_word' id='word_1_180' title='bbox 524 1822 606 1842; x_wconf 90' lang='lat' dir='ltr'>nam</span> <span class='ocrx_word' id='word_1_181' title='bbox 634 1822 714 1848; x_wconf 84' lang='lat' dir='ltr'>sepe</span> <span class='ocrx_word' id='word_1_182' title='bbox 741 1815 860 1842; x_wconf 89' lang='lat' dir='ltr'>multis</span> <span class='ocrx_word' id='word_1_183' title='bbox 887 1815 1009 1842; x_wconf 84' lang='lat' dir='ltr'>diebus</span> 
     </span>
     <span class='ocr_line' id='line_1_24' title="bbox 196 1862 1008 1895; baseline 0 -6"><span class='ocrx_word' id='word_1_184' title='bbox 196 1862 285 1889; x_wconf 82' lang='lat' dir='ltr'>nihil</span> <span class='ocrx_word' id='word_1_185' title='bbox 300 1862 491 1889; x_wconf 86' lang='lat' dir='ltr'>comedisse</span> <span class='ocrx_word' id='word_1_186' title='bbox 508 1863 671 1895; x_wconf 85' lang='lat' dir='ltr'>probatur</span> <span class='ocrx_word' id='word_1_187' title='bbox 685 1865 718 1889; x_wconf 83' lang='lat' dir='ltr'>et</span> <span class='ocrx_word' id='word_1_188' title='bbox 733 1863 895 1889; x_wconf 83' lang='lat' dir='ltr'>continue</span> <span class='ocrx_word' id='word_1_189' title='bbox 923 1870 1008 1895; x_wconf 80' lang='lat' dir='ltr'>qua-</span> 
     </span>
     <span class='ocr_line' id='line_1_25' title="bbox 197 1910 512 1937; baseline -0.003 0"><span class='ocrx_word' id='word_1_190' title='bbox 197 1910 226 1937; x_wconf 88' lang='lat' dir='ltr'>si</span> <span class='ocrx_word' id='word_1_191' title='bbox 245 1910 335 1937; x_wconf 85' lang='lat' dir='ltr'>nihil</span> <span class='ocrx_word' id='word_1_192' title='bbox 356 1910 512 1937; x_wconf 87' lang='lat' dir='ltr'>comedit.</span> 
     </span>
    </p>
   </div>
   <div class='ocr_carea' id='block_1_11' title="bbox 197 2076 1010 2252">
    <p class='ocr_par' dir='ltr' id='par_1_11' title="bbox 197 2076 1010 2252">
     <span class='ocr_line' id='line_1_26' title="bbox 272 2076 1008 2112; baseline -0.001 -7"><span class='ocrx_word' id='word_1_193' title='bbox 272 2076 572 2112; x_wconf 71' lang='lat' dir='ltr'>Contemplazc&#39;one</span> <span class='ocrx_word' id='word_1_194' title='bbox 585 2099 590 2104; x_wconf 95' lang='lat'>.</span> <span class='ocrx_word' id='word_1_195' title='bbox 602 2099 608 2104; x_wconf 94' lang='lat'>.</span> <span class='ocrx_word' id='word_1_196' title='bbox 632 2078 667 2104; x_wconf 91' lang='lat' dir='ltr'>in</span> <span class='ocrx_word' id='word_1_197' title='bbox 683 2079 780 2105; x_wconf 84' lang='lat' dir='ltr'>tanta</span> <span class='ocrx_word' id='word_1_198' title='bbox 794 2078 1008 2111; x_wconf 84' lang='lat' dir='ltr'>contempla-</span> 
     </span>
     <span class='ocr_line' id='line_1_27' title="bbox 197 2124 1010 2159; baseline 0.004 -9"><span class='ocrx_word' id='word_1_199' title='bbox 197 2124 289 2151; x_wconf 90' lang='lat' dir='ltr'>tione</span> <span class='ocrx_word' id='word_1_200' title='bbox 311 2125 443 2157; x_wconf 75' lang='lat' dir='ltr'>rapitur</span> <span class='ocrx_word' id='word_1_201' title='bbox 462 2127 499 2151; x_wconf 91' lang='lat' dir='ltr'>ut</span> <span class='ocrx_word' id='word_1_202' title='bbox 526 2132 606 2159; x_wconf 86' lang='lat' dir='ltr'>sepe</span> <span class='ocrx_word' id='word_1_203' title='bbox 634 2126 677 2152; x_wconf 88' lang='lat' dir='ltr'>sit</span> <span class='ocrx_word' id='word_1_204' title='bbox 702 2126 780 2152; x_wconf 85' lang='lat' dir='ltr'>visa</span> <span class='ocrx_word' id='word_1_205' title='bbox 806 2133 826 2152; x_wconf 89' lang='lat' dir='ltr'>a</span> <span class='ocrx_word' id='word_1_206' title='bbox 846 2126 1010 2153; x_wconf 77' lang='lat' dir='ltr'>fratribus</span> 
     </span>
     <span class='ocr_line' id='line_1_28' title="bbox 199 2172 1010 2207; baseline 0.002 -9"><span class='ocrx_word' id='word_1_207' title='bbox 199 2173 232 2198; x_wconf 87' lang='lat' dir='ltr'>et</span> <span class='ocrx_word' id='word_1_208' title='bbox 251 2172 408 2205; x_wconf 75' lang='lat' dir='ltr'>personis</span> <span class='ocrx_word' id='word_1_209' title='bbox 440 2172 605 2200; x_wconf 75' lang='lat' dir='ltr'>fidelibus</span> <span class='ocrx_word' id='word_1_210' title='bbox 638 2175 736 2207; x_wconf 88' lang='lat' dir='ltr'>rapta</span> <span class='ocrx_word' id='word_1_211' title='bbox 755 2176 788 2200; x_wconf 85' lang='lat' dir='ltr'>et</span> <span class='ocrx_word' id='word_1_212' title='bbox 821 2173 1010 2207; x_wconf 72' lang='lat' dir='ltr'>splendens</span> 
     </span>
     <span class='ocr_line' id='line_1_29' title="bbox 197 2220 788 2252; baseline 0.003 -7"><span class='ocrx_word' id='word_1_213' title='bbox 197 2220 266 2245; x_wconf 89' lang='lat' dir='ltr'>toto</span> <span class='ocrx_word' id='word_1_214' title='bbox 288 2225 425 2252; x_wconf 82' lang='lat' dir='ltr'>corpore</span> <span class='ocrx_word' id='word_1_215' title='bbox 448 2220 631 2247; x_wconf 70' lang='lat' dir='ltr'>sublevata</span> <span class='ocrx_word' id='word_1_216' title='bbox 651 2227 670 2246; x_wconf 91' lang='lat' dir='ltr'>a</span> <span class='ocrx_word' id='word_1_217' title='bbox 691 2223 788 2248; x_wconf 87' lang='lat' dir='ltr'>terra.</span> 
     </span>
    </p>
   </div>
   <div class='ocr_carea' id='block_1_12' title="bbox 196 2373 1012 3068">
    <p class='ocr_par' dir='ltr' id='par_1_12' title="bbox 196 2373 1012 3068">
     <span class='ocr_line' id='line_1_30' title="bbox 276 2373 1009 2409; baseline 0.003 -8"><span class='ocrx_word' id='word_1_218' title='bbox 276 2373 415 2402; x_wconf 73' lang='lat' dir='ltr'>Visione</span> <span class='ocrx_word' id='word_1_219' title='bbox 436 2383 451 2402; x_wconf 81' lang='lat' dir='ltr'>e.</span> <span class='ocrx_word' id='word_1_220' title='bbox 466 2375 634 2409; x_wconf 71' lang='lat' dir='ltr'>prosezz&#39;a.</span> <span class='ocrx_word' id='word_1_221' title='bbox 647 2396 671 2402; x_wconf 94' lang='lat'>..</span> <span class='ocrx_word' id='word_1_222' title='bbox 699 2375 749 2402; x_wconf 86' lang='lat' dir='ltr'>De</span> <span class='ocrx_word' id='word_1_223' title='bbox 767 2376 917 2403; x_wconf 61' lang='lat' dir='ltr'>‘civitate</span> <span class='ocrx_word' id='word_1_224' title='bbox 945 2375 1009 2403; x_wconf 89' lang='lat' dir='ltr'>Ca-</span> 
     </span>
     <span class='ocr_line' id='line_1_31' title="bbox 198 2421 1011 2457; baseline 0.005 -10"><span class='ocrx_word' id='word_1_225' title='bbox 198 2421 347 2448; x_wconf 88' lang='lat' dir='ltr'>stellana</span> <span class='ocrx_word' id='word_1_226' title='bbox 366 2422 466 2454; x_wconf 81' lang='lat' dir='ltr'>quasi</span> <span class='ocrx_word' id='word_1_227' title='bbox 487 2422 649 2449; x_wconf 77' lang='lat' dir='ltr'>continue</span> <span class='ocrx_word' id='word_1_228' title='bbox 670 2423 865 2457; x_wconf 84' lang='lat' dir='ltr'>inspirabar</span> <span class='ocrx_word' id='word_1_229' title='bbox 880 2424 959 2457; x_wconf 74' lang='lat' dir='ltr'>(sic)</span> <span class='ocrx_word' id='word_1_230' title='bbox 974 2424 1011 2450; x_wconf 91' lang='lat' dir='ltr'>in</span> 
     </span>
     <span class='ocr_line' id='line_1_32' title="bbox 196 2468 1010 2502; baseline 0.004 -7"><span class='ocrx_word' id='word_1_231' title='bbox 196 2469 330 2496; x_wconf 91' lang='lat' dir='ltr'>lumine</span> <span class='ocrx_word' id='word_1_232' title='bbox 352 2468 478 2496; x_wconf 81' lang='lat' dir='ltr'>Christi</span> <span class='ocrx_word' id='word_1_233' title='bbox 497 2469 583 2497; x_wconf 81' lang='lat' dir='ltr'>Jesu</span> <span class='ocrx_word' id='word_1_234' title='bbox 610 2471 700 2502; x_wconf 85' lang='lat' dir='ltr'>quod</span> <span class='ocrx_word' id='word_1_235' title='bbox 720 2471 757 2497; x_wconf 90' lang='lat' dir='ltr'>in</span> <span class='ocrx_word' id='word_1_236' title='bbox 776 2473 892 2498; x_wconf 85' lang='lat' dir='ltr'>monte</span> <span class='ocrx_word' id='word_1_237' title='bbox 914 2479 1010 2498; x_wconf 86' lang='lat' dir='ltr'>sacro</span> 
     </span>
     <span class='ocr_line' id='line_1_33' title="bbox 199 2517 1011 2550; baseline 0.004 -7"><span class='ocrx_word' id='word_1_238' title='bbox 199 2517 393 2543; x_wconf 80' lang='lat' dir='ltr'>consistens</span> <span class='ocrx_word' id='word_1_239' title='bbox 414 2517 493 2550; x_wconf 87' lang='lat' dir='ltr'>(sic)</span> <span class='ocrx_word' id='word_1_240' title='bbox 514 2517 664 2545; x_wconf 77' lang='lat' dir='ltr'>faciebat</span> <span class='ocrx_word' id='word_1_241' title='bbox 678 2525 733 2545; x_wconf 88' lang='lat' dir='ltr'>me</span> <span class='ocrx_word' id='word_1_242' title='bbox 753 2519 867 2546; x_wconf 82' lang='lat' dir='ltr'>facere</span> <span class='ocrx_word' id='word_1_243' title='bbox 888 2518 1011 2546; x_wconf 82' lang='lat' dir='ltr'>Jesum</span> 
     </span>
     <span class='ocr_line' id='line_1_34' title="bbox 199 2563 1012 2599; baseline 0.005 -9"><span class='ocrx_word' id='word_1_244' title='bbox 199 2564 278 2597; x_wconf 83' lang='lat' dir='ltr'>(sic)</span> <span class='ocrx_word' id='word_1_245' title='bbox 308 2564 344 2591; x_wconf 86' lang='lat' dir='ltr'>in</span> <span class='ocrx_word' id='word_1_246' title='bbox 373 2563 477 2597; x_wconf 88' lang='lat' dir='ltr'>hujus</span> <span class='ocrx_word' id='word_1_247' title='bbox 506 2564 586 2591; x_wconf 87' lang='lat' dir='ltr'>libri</span> <span class='ocrx_word' id='word_1_248' title='bbox 616 2566 786 2599; x_wconf 87' lang='lat' dir='ltr'>scriptura</span> <span class='ocrx_word' id='word_1_249' title='bbox 816 2566 1012 2594; x_wconf 80' lang='lat' dir='ltr'>luculenter</span> 
     </span>
     <span class='ocr_line' id='line_1_35' title="bbox 199 2611 1011 2648; baseline 0.006 -11"><span class='ocrx_word' id='word_1_250' title='bbox 199 2612 275 2645; x_wconf 85' lang='lat' dir='ltr'>ipsa</span> <span class='ocrx_word' id='word_1_251' title='bbox 294 2611 382 2638; x_wconf 87' lang='lat' dir='ltr'>mihi</span> <span class='ocrx_word' id='word_1_252' title='bbox 401 2612 550 2644; x_wconf 88' lang='lat' dir='ltr'>aperiret</span> <span class='ocrx_word' id='word_1_253' title='bbox 565 2614 799 2641; x_wconf 85' lang='lat' dir='ltr'>secretissima</span> <span class='ocrx_word' id='word_1_254' title='bbox 813 2614 916 2648; x_wconf 87' lang='lat' dir='ltr'>hujus</span> <span class='ocrx_word' id='word_1_255' title='bbox 932 2615 1011 2643; x_wconf 86' lang='lat' dir='ltr'>libri</span> 
     </span>
     <span class='ocr_line' id='line_1_36' title="bbox 199 2660 1009 2696; baseline 0.006 -11"><span class='ocrx_word' id='word_1_256' title='bbox 199 2667 265 2692; x_wconf 87' lang='lat' dir='ltr'>que</span> <span class='ocrx_word' id='word_1_257' title='bbox 280 2660 377 2686; x_wconf 86' lang='lat' dir='ltr'>nulla</span> <span class='ocrx_word' id='word_1_258' title='bbox 390 2660 498 2692; x_wconf 90' lang='lat' dir='ltr'>potuit</span> <span class='ocrx_word' id='word_1_259' title='bbox 512 2660 666 2688; x_wconf 90' lang='lat' dir='ltr'>humana</span> <span class='ocrx_word' id='word_1_260' title='bbox 676 2662 809 2689; x_wconf 86' lang='lat' dir='ltr'>ratione</span> <span class='ocrx_word' id='word_1_261' title='bbox 823 2670 1009 2696; x_wconf 81' lang='lat' dir='ltr'>cognosce-</span> 
     </span>
     <span class='ocr_line' id='line_1_37' title="bbox 199 2707 1011 2744; baseline 0.006 -10"><span class='ocrx_word' id='word_1_262' title='bbox 199 2715 234 2734; x_wconf 89' lang='lat' dir='ltr'>re</span> <span class='ocrx_word' id='word_1_263' title='bbox 250 2728 273 2734; x_wconf 83' lang='lat'>..</span> <span class='ocrx_word' id='word_1_264' title='bbox 289 2707 331 2734; x_wconf 82' lang='lat' dir='ltr'>Et</span> <span class='ocrx_word' id='word_1_265' title='bbox 346 2708 426 2734; x_wconf 88' lang='lat' dir='ltr'>dum</span> <span class='ocrx_word' id='word_1_266' title='bbox 441 2708 500 2734; x_wconf 80' lang='lat' dir='ltr'>vix</span> <span class='ocrx_word' id='word_1_267' title='bbox 517 2709 650 2736; x_wconf 83' lang='lat' dir='ltr'>tertiam</span> <span class='ocrx_word' id='word_1_268' title='bbox 667 2710 747 2736; x_wconf 81' lang='lat' dir='ltr'>libri</span> <span class='ocrx_word' id='word_1_269' title='bbox 760 2716 894 2744; x_wconf 84' lang='lat' dir='ltr'>partem</span> <span class='ocrx_word' id='word_1_270' title='bbox 908 2712 1011 2738; x_wconf 82' lang='lat' dir='ltr'>fecis-</span> 
     </span>
     <span class='ocr_line' id='line_1_38' title="bbox 201 2754 1010 2791; baseline 0.006 -10"><span class='ocrx_word' id='word_1_271' title='bbox 201 2762 274 2782; x_wconf 89' lang='lat' dir='ltr'>sem</span> <span class='ocrx_word' id='word_1_272' title='bbox 289 2754 375 2781; x_wconf 90' lang='lat' dir='ltr'>mihi</span> <span class='ocrx_word' id='word_1_273' title='bbox 401 2755 551 2787; x_wconf 82' lang='lat' dir='ltr'>predixit</span> <span class='ocrx_word' id='word_1_274' title='bbox 578 2763 642 2788; x_wconf 86' lang='lat' dir='ltr'>que</span> <span class='ocrx_word' id='word_1_275' title='bbox 671 2764 765 2784; x_wconf 86' lang='lat' dir='ltr'>eram</span> <span class='ocrx_word' id='word_1_276' title='bbox 779 2759 953 2791; x_wconf 88' lang='lat' dir='ltr'>positurus</span> <span class='ocrx_word' id='word_1_277' title='bbox 974 2760 1010 2786; x_wconf 88' lang='lat' dir='ltr'>in</span> 
     </span>
     <span class='ocr_line' id='line_1_39' title="bbox 202 2801 1011 2834; baseline 0.006 -6"><span class='ocrx_word' id='word_1_278' title='bbox 202 2802 279 2829; x_wconf 85' lang='lat' dir='ltr'>alia.</span> <span class='ocrx_word' id='word_1_279' title='bbox 292 2801 334 2829; x_wconf 86' lang='lat' dir='ltr'>Et</span> <span class='ocrx_word' id='word_1_280' title='bbox 349 2802 429 2829; x_wconf 87' lang='lat' dir='ltr'>dum</span> <span class='ocrx_word' id='word_1_281' title='bbox 451 2802 700 2831; x_wconf 80' lang='lat' dir='ltr'>infirmarerde</span> <span class='ocrx_word' id='word_1_282' title='bbox 723 2805 818 2832; x_wconf 69' lang='lat' dir='ltr'>febre</span> <span class='ocrx_word' id='word_1_283' title='bbox 840 2808 873 2832; x_wconf 89' lang='lat' dir='ltr'>et</span> <span class='ocrx_word' id='word_1_284' title='bbox 894 2806 1011 2834; x_wconf 85' lang='lat' dir='ltr'>crede-</span> 
     </span>
     <span class='ocr_line' id='line_1_40' title="bbox 199 2849 1011 2887; baseline 0.005 -10"><span class='ocrx_word' id='word_1_285' title='bbox 199 2857 273 2877; x_wconf 86' lang='lat' dir='ltr'>rem</span> <span class='ocrx_word' id='word_1_286' title='bbox 287 2850 365 2876; x_wconf 85' lang='lat' dir='ltr'>libri</span> <span class='ocrx_word' id='word_1_287' title='bbox 385 2856 446 2883; x_wconf 86' lang='lat' dir='ltr'>per</span> <span class='ocrx_word' id='word_1_288' title='bbox 468 2849 532 2876; x_wconf 83' lang='grc'><strong>1100</strong></span> <span class='ocrx_word' id='word_1_289' title='bbox 547 2850 707 2884; x_wconf 89' lang='lat' dir='ltr'>impediri</span> <span class='ocrx_word' id='word_1_290' title='bbox 733 2852 947 2887; x_wconf 82' lang='lat' dir='ltr'>scripturam,</span> <span class='ocrx_word' id='word_1_291' title='bbox 962 2854 1011 2881; x_wconf 86' lang='lat' dir='ltr'>sic</span> 
     </span>
     <span class='ocr_line' id='line_1_41' title="bbox 201 2897 1011 2931; baseline 0.005 -7"><span class='ocrx_word' id='word_1_292' title='bbox 201 2898 243 2924; x_wconf 93' lang='lat' dir='ltr'>ad</span> <span class='ocrx_word' id='word_1_293' title='bbox 255 2897 329 2924; x_wconf 90' lang='lat' dir='ltr'>eius</span> <span class='ocrx_word' id='word_1_294' title='bbox 342 2897 607 2929; x_wconf 84' lang='lat' dir='ltr'>promissionem</span> <span class='ocrx_word' id='word_1_295' title='bbox 619 2905 661 2924; x_wconf 83' lang='lat' dir='ltr'>ex</span> <span class='ocrx_word' id='word_1_296' title='bbox 676 2901 771 2931; x_wconf 88' lang='lat' dir='ltr'>parte</span> <span class='ocrx_word' id='word_1_297' title='bbox 783 2899 869 2927; x_wconf 87' lang='lat' dir='ltr'>Jesu</span> <span class='ocrx_word' id='word_1_298' title='bbox 881 2908 1011 2929; x_wconf 86' lang='lat' dir='ltr'>conva-</span> 
     </span>
     <span class='ocr_line' id='line_1_42' title="bbox 201 2943 1012 2982; baseline 0.005 -10"><span class='ocrx_word' id='word_1_299' title='bbox 201 2945 250 2972; x_wconf 89' lang='lat' dir='ltr'>lui</span> <span class='ocrx_word' id='word_1_300' title='bbox 272 2944 384 2972; x_wconf 89' lang='lat' dir='ltr'>subito</span> <span class='ocrx_word' id='word_1_301' title='bbox 400 2944 507 2976; x_wconf 89' lang='lat' dir='ltr'>quod.</span> <span class='ocrx_word' id='word_1_302' title='bbox 522 2965 543 2971; x_wconf 84' lang='lat'>..</span> <span class='ocrx_word' id='word_1_303' title='bbox 558 2943 601 2971; x_wconf 86' lang='lat' dir='ltr'>Et</span> <span class='ocrx_word' id='word_1_304' title='bbox 614 2945 707 2978; x_wconf 79' lang='lat' dir='ltr'>Justa</span> <span class='ocrx_word' id='word_1_305' title='bbox 730 2947 820 2978; x_wconf 88' lang='lat' dir='ltr'>quod</span> <span class='ocrx_word' id='word_1_306' title='bbox 845 2948 922 2982; x_wconf 86' lang='lat' dir='ltr'>ipsa</span> <span class='ocrx_word' id='word_1_307' title='bbox 936 2956 1012 2981; x_wconf 87' lang='lat' dir='ltr'>pre-</span> 
     </span>
     <span class='ocr_line' id='line_1_43' title="bbox 203 2991 1012 3029; baseline 0.004 -9"><span class='ocrx_word' id='word_1_308' title='bbox 203 2993 297 3025; x_wconf 83' lang='lat' dir='ltr'>dixit,</span> <span class='ocrx_word' id='word_1_309' title='bbox 313 2992 397 3019; x_wconf 87' lang='lat' dir='ltr'>dans</span> <span class='ocrx_word' id='word_1_310' title='bbox 413 2991 499 3018; x_wconf 86' lang='lat' dir='ltr'>mihi</span> <span class='ocrx_word' id='word_1_311' title='bbox 514 2993 701 3020; x_wconf 85' lang='lat' dir='ltr'>terminum</span> <span class='ocrx_word' id='word_1_312' title='bbox 716 2995 846 3022; x_wconf 84' lang='lat' dir='ltr'>mensis</span> <span class='ocrx_word' id='word_1_313' title='bbox 862 2998 1012 3029; x_wconf 78' lang='lat' dir='ltr'>septem-</span> 
     </span>
     <span class='ocr_line' id='line_1_44' title="bbox 200 3039 718 3068; baseline 0 0"><span class='ocrx_word' id='word_1_314' title='bbox 200 3041 281 3068; x_wconf 86' lang='lat' dir='ltr'>bris.</span> <span class='ocrx_word' id='word_1_315' title='bbox 301 3039 361 3066; x_wconf 92' lang='lat' dir='ltr'>illo</span> <span class='ocrx_word' id='word_1_316' title='bbox 382 3046 502 3065; x_wconf 86' lang='lat' dir='ltr'>mense</span> <span class='ocrx_word' id='word_1_317' title='bbox 524 3040 718 3068; x_wconf 78' lang='lat' dir='ltr'>terminavi.</span> 
     </span>
    </p>
   </div>
   <div class='ocr_carea' id='block_1_13' title="bbox 272 3087 1012 3123">
    <p class='ocr_par' dir='ltr' id='par_1_13' title="bbox 272 3087 1012 3123">
     <span class='ocr_line' id='line_1_45' title="bbox 272 3087 1012 3123; baseline 0.004 -8"><span class='ocrx_word' id='word_1_318' title='bbox 272 3087 458 3115; x_wconf 68' lang='lat' dir='ltr'>Relazz&#39;one</span> <span class='ocrx_word' id='word_1_319' title='bbox 479 3088 529 3115; x_wconf 66' lang='lat' dir='ltr'>coi</span> <span class='ocrx_word' id='word_1_320' title='bbox 544 3087 635 3121; x_wconf 65' lang='lat' dir='ltr'>frati</span> <span class='ocrx_word' id='word_1_321' title='bbox 649 3109 654 3114; x_wconf 95' lang='lat'>.</span> <span class='ocrx_word' id='word_1_322' title='bbox 667 3111 690 3116; x_wconf 85' lang='lat'>..</span> <span class='ocrx_word' id='word_1_323' title='bbox 711 3091 749 3116; x_wconf 87' lang='lat' dir='ltr'>ut</span> <span class='ocrx_word' id='word_1_324' title='bbox 769 3097 850 3123; x_wconf 84' lang='lat' dir='ltr'>sepc</span> <span class='ocrx_word' id='word_1_325' title='bbox 872 3091 915 3117; x_wconf 90' lang='lat' dir='ltr'>sit</span> <span class='ocrx_word' id='word_1_326' title='bbox 935 3091 1012 3119; x_wconf 87' lang='lat' dir='ltr'>visa</span> 
     </span>
    </p>
   </div>
   <div class='ocr_carea' id='block_1_14' title="bbox 1143 979 1838 1015">
    <p class='ocr_par' dir='ltr' id='par_1_14' title="bbox 1143 979 1838 1015">
     <span class='ocr_line' id='line_1_46' title="bbox 1143 979 1838 1015; baseline 0.01 -8"><span class='ocrx_word' id='word_1_327' title='bbox 1143 979 1393 1015; x_wconf 68' lang='lat' dir='ltr'>Compendium</span> <span class='ocrx_word' id='word_1_328' title='bbox 1411 984 1496 1011; x_wconf 71' lang='lat' dir='ltr'>ritae</span> <span class='ocrx_word' id='word_1_329' title='bbox 1512 984 1543 1011; x_wconf 88' lang='lat' dir='ltr'>di</span> <span class='ocrx_word' id='word_1_330' title='bbox 1561 984 1673 1012; x_wconf 77' lang='lat' dir='ltr'>Giulio</span> <span class='ocrx_word' id='word_1_331' title='bbox 1696 985 1838 1015; x_wconf 85' lang='lat' dir='ltr'>Daddei.</span> 
     </span>
    </p>
   </div>
   <div class='ocr_carea' id='block_1_15' title="bbox 1082 1051 1902 1329">
    <p class='ocr_par' dir='ltr' id='par_1_15' title="bbox 1082 1051 1902 1329">
     <span class='ocr_line' id='line_1_47' title="bbox 1155 1051 1898 1092; baseline 0.011 -14"><span class='ocrx_word' id='word_1_332' title='bbox 1155 1051 1309 1079; x_wconf 80' lang='lat' dir='ltr'>Secondo</span> <span class='ocrx_word' id='word_1_333' title='bbox 1330 1053 1356 1080; x_wconf 88' lang='lat' dir='ltr'>il</span> <span class='ocrx_word' id='word_1_334' title='bbox 1379 1053 1628 1089; x_wconf 69' lang='lat' dir='ltr'>C&#39;ompendimn</span> <span class='ocrx_word' id='word_1_335' title='bbox 1640 1056 1674 1083; x_wconf 88' lang='lat' dir='ltr'>la</span> <span class='ocrx_word' id='word_1_336' title='bbox 1688 1057 1723 1083; x_wconf 84' lang='lat' dir='ltr'>B.</span> <span class='ocrx_word' id='word_1_337' title='bbox 1737 1057 1898 1092; x_wconf 80' lang='lat' dir='ltr'>Marghe-</span> 
     </span>
     <span class='ocr_line' id='line_1_48' title="bbox 1085 1099 1902 1136; baseline 0.011 -11"><span class='ocrx_word' id='word_1_338' title='bbox 1085 1099 1148 1125; x_wconf 87' lang='lat' dir='ltr'>rita</span> <span class='ocrx_word' id='word_1_339' title='bbox 1168 1106 1303 1132; x_wconf 85' lang='lat' dir='ltr'>nacque</span> <span class='ocrx_word' id='word_1_340' title='bbox 1325 1101 1384 1128; x_wconf 84' lang='lat' dir='ltr'>nel</span> <span class='ocrx_word' id='word_1_341' title='bbox 1408 1103 1474 1128; x_wconf 75' lang='lat'>1287</span> <span class='ocrx_word' id='word_1_342' title='bbox 1489 1111 1494 1129; x_wconf 80' lang='lat' dir='ltr'>z</span> <span class='ocrx_word' id='word_1_343' title='bbox 1507 1124 1531 1130; x_wconf 90' lang='lat'>..</span> <span class='ocrx_word' id='word_1_344' title='bbox 1549 1111 1636 1136; x_wconf 80' lang='lat' dir='ltr'>quae</span> <span class='ocrx_word' id='word_1_345' title='bbox 1652 1112 1743 1131; x_wconf 76' lang='lat' dir='ltr'>anno</span> <span class='ocrx_word' id='word_1_346' title='bbox 1760 1106 1902 1134; x_wconf 85' lang='lat' dir='ltr'>Domini</span> 
     </span>
     <span class='ocr_line' id='line_1_49' title="bbox 1087 1147 1902 1184; baseline 0.011 -12"><span class='ocrx_word' id='word_1_347' title='bbox 1087 1147 1207 1173; x_wconf 72' lang='grc'><strong>1287111</strong></span> <span class='ocrx_word' id='word_1_348' title='bbox 1225 1148 1349 1180; x_wconf 80' lang='lat' dir='ltr'>oppido</span> <span class='ocrx_word' id='word_1_349' title='bbox 1377 1148 1526 1176; x_wconf 81' lang='lat' dir='ltr'>Metolae</span> <span class='ocrx_word' id='word_1_350' title='bbox 1553 1158 1614 1184; x_wconf 90' lang='lat' dir='ltr'>per</span> <span class='ocrx_word' id='word_1_351' title='bbox 1641 1159 1751 1179; x_wconf 88' lang='lat' dir='ltr'>annos</span> <span class='ocrx_word' id='word_1_352' title='bbox 1779 1155 1847 1180; x_wconf 90' lang='lat' dir='ltr'>tres</span> <span class='ocrx_word' id='word_1_353' title='bbox 1869 1157 1902 1181; x_wconf 93' lang='lat' dir='ltr'>et</span> 
     </span>
     <span class='ocr_line' id='line_1_50' title="bbox 1082 1194 1898 1232; baseline 0.012 -13"><span class='ocrx_word' id='word_1_354' title='bbox 1082 1194 1206 1227; x_wconf 75' lang='lat' dir='ltr'>vigint-i</span> <span class='ocrx_word' id='word_1_355' title='bbox 1240 1196 1365 1227; x_wconf 82' lang='lat' dir='ltr'>quibus</span> <span class='ocrx_word' id='word_1_356' title='bbox 1404 1197 1543 1226; x_wconf 78' lang='lat' dir='ltr'>vixit...</span> <span class='ocrx_word' id='word_1_357' title='bbox 1577 1201 1609 1225; x_wconf 89' lang='lat' dir='ltr'>et</span> <span class='ocrx_word' id='word_1_358' title='bbox 1642 1203 1717 1232; x_wconf 83' lang='lat' dir='ltr'>post</span> <span class='ocrx_word' id='word_1_359' title='bbox 1758 1201 1898 1229; x_wconf 76' lang='lat' dir='ltr'>felicem</span> 
     </span>
     <span class='ocr_line' id='line_1_51' title="bbox 1083 1241 1900 1279; baseline 0.011 -12"><span class='ocrx_word' id='word_1_360' title='bbox 1083 1241 1118 1267; x_wconf 89' lang='lat' dir='ltr'>in</span> <span class='ocrx_word' id='word_1_361' title='bbox 1140 1241 1288 1269; x_wconf 82' lang='lat' dir='ltr'>Domino</span> <span class='ocrx_word' id='word_1_362' title='bbox 1310 1244 1599 1273; x_wconf 77' lang='lat' dir='ltr'>abdel-mitionem</span> <span class='ocrx_word' id='word_1_363' title='bbox 1622 1254 1709 1279; x_wconf 81' lang='lat' dir='ltr'>quae</span> <span class='ocrx_word' id='word_1_364' title='bbox 1730 1249 1794 1275; x_wconf 82' lang='lat' dir='ltr'>fuit</span> <span class='ocrx_word' id='word_1_365' title='bbox 1820 1249 1900 1276; x_wconf 86' lang='lat' dir='ltr'>XIII</span> 
     </span>
     <span class='ocr_line' id='line_1_52' title="bbox 1083 1289 1900 1329; baseline 0.011 -14"><span class='ocrx_word' id='word_1_366' title='bbox 1083 1289 1204 1323; x_wconf 79' lang='lat' dir='ltr'>aprilis</span> <span class='ocrx_word' id='word_1_367' title='bbox 1220 1291 1534 1320; x_wconf 71' lang='grc' dir='ltr'><strong>1320(Νο113001010</strong></span> <span class='ocrx_word' id='word_1_368' title='bbox 1548 1294 1588 1320; x_wconf 82' lang='lat' dir='ltr'>de</span> <span class='ocrx_word' id='word_1_369' title='bbox 1602 1295 1709 1322; x_wconf 89' lang='lat' dir='ltr'>missa</span> <span class='ocrx_word' id='word_1_370' title='bbox 1719 1298 1751 1322; x_wconf 90' lang='grc'>01</span> <span class='ocrx_word' id='word_1_371' title='bbox 1762 1297 1900 1329; x_wconf 79' lang='lat' dir='ltr'>officio)</span> 
     </span>
    </p>
   </div>
   <div class='ocr_carea' id='block_1_16' title="bbox 1083 1409 1900 1583">
    <p class='ocr_par' dir='ltr' id='par_1_16' title="bbox 1083 1409 1900 1583">
     <span class='ocr_line' id='line_1_53' title="bbox 1218 1409 1900 1447; baseline 0.012 -11.228"><span class='ocrx_word' id='word_1_372' title='bbox 1218 1409 1357 1437; x_wconf 83' lang='lat' dir='ltr'>honesti</span> <span class='ocrx_word' id='word_1_373' title='bbox 1378 1416 1597 1447; x_wconf 51' lang='lat' dir='ltr'>parentes„</span> <span class='ocrx_word' id='word_1_374' title='bbox 1622 1415 1682 1441; x_wconf 87' lang='lat' dir='ltr'>sed</span> <span class='ocrx_word' id='word_1_375' title='bbox 1709 1416 1780 1442; x_wconf 63' lang='lat' dir='ltr'>voti</span> <span class='ocrx_word' id='word_1_376' title='bbox 1807 1424 1900 1443; x_wconf 89' lang='lat' dir='ltr'>com-</span> 
     </span>
     <span class='ocr_line' id='line_1_54' title="bbox 1084 1457 1899 1495; baseline 0.011 -13"><span class='ocrx_word' id='word_1_377' title='bbox 1084 1458 1179 1489; x_wconf 86' lang='lat' dir='ltr'>potes</span> <span class='ocrx_word' id='word_1_378' title='bbox 1197 1457 1244 1483; x_wconf 80' lang='lat' dir='ltr'>sic</span> <span class='ocrx_word' id='word_1_379' title='bbox 1267 1457 1338 1485; x_wconf 85' lang='lat' dir='ltr'>Deo</span> <span class='ocrx_word' id='word_1_380' title='bbox 1360 1459 1566 1493; x_wconf 84' lang='lat' dir='ltr'>disponente</span> <span class='ocrx_word' id='word_1_381' title='bbox 1582 1469 1802 1495; x_wconf 81' lang='lat' dir='ltr'>nequaquam</span> <span class='ocrx_word' id='word_1_382' title='bbox 1817 1464 1899 1491; x_wconf 85' lang='lat' dir='ltr'>facti</span> 
     </span>
     <span class='ocr_line' id='line_1_55' title="bbox 1083 1503 1899 1544; baseline 0.012 -15"><span class='ocrx_word' id='word_1_383' title='bbox 1083 1503 1119 1529; x_wconf 92' lang='lat' dir='ltr'>in</span> <span class='ocrx_word' id='word_1_384' title='bbox 1140 1506 1351 1532; x_wconf 86' lang='lat' dir='ltr'>monasterio</span> <span class='ocrx_word' id='word_1_385' title='bbox 1374 1505 1404 1533; x_wconf 81' lang='lat' dir='ltr'>S.</span> <span class='ocrx_word' id='word_1_386' title='bbox 1419 1507 1624 1541; x_wconf 77' lang='lat' dir='ltr'>Margaritae</span> <span class='ocrx_word' id='word_1_387' title='bbox 1652 1511 1825 1544; x_wconf 71' lang='lat' dir='ltr'>virginem</span> <span class='ocrx_word' id='word_1_388' title='bbox 1847 1519 1899 1538; x_wconf 88' lang='lat' dir='ltr'>re-</span> 
     </span>
     <span class='ocr_line' id='line_1_56' title="bbox 1083 1550 1255 1583; baseline 0.012 -6"><span class='ocrx_word' id='word_1_389' title='bbox 1083 1550 1255 1583; x_wconf 78' lang='lat' dir='ltr'>linquunt.</span> 
     </span>
    </p>
   </div>
   <div class='ocr_carea' id='block_1_17' title="bbox 1155 1634 1757 1670">
    <p class='ocr_par' dir='ltr' id='par_1_17' title="bbox 1155 1634 1757 1670">
     <span class='ocr_line' id='line_1_57' title="bbox 1155 1634 1757 1670; baseline 0.012 -9"><span class='ocrx_word' id='word_1_390' title='bbox 1155 1634 1283 1669; x_wconf 85' lang='lat' dir='ltr'>Corpus</span> <span class='ocrx_word' id='word_1_391' title='bbox 1305 1637 1479 1670; x_wconf 73' lang='lat' dir='ltr'>exiguum,</span> <span class='ocrx_word' id='word_1_392' title='bbox 1501 1640 1593 1666; x_wconf 85' lang='lat' dir='ltr'>coeci</span> <span class='ocrx_word' id='word_1_393' title='bbox 1615 1640 1757 1668; x_wconf 86' lang='lat' dir='ltr'>oculi...</span> 
     </span>
    </p>
   </div>
   <div class='ocr_carea' id='block_1_18' title="bbox 1083 1767 1899 1946">
    <p class='ocr_par' dir='ltr' id='par_1_18' title="bbox 1083 1767 1899 1946">
     <span class='ocr_line' id='line_1_58' title="bbox 1154 1767 1899 1807; baseline 0.011 -13"><span class='ocrx_word' id='word_1_394' title='bbox 1154 1767 1183 1794; x_wconf 71' lang='lat' dir='ltr'>A</span> <span class='ocrx_word' id='word_1_395' title='bbox 1204 1769 1325 1801; x_wconf 87' lang='lat' dir='ltr'>primis</span> <span class='ocrx_word' id='word_1_396' title='bbox 1347 1771 1448 1797; x_wconf 83' lang='lat' dir='ltr'>annis</span> <span class='ocrx_word' id='word_1_397' title='bbox 1480 1773 1723 1804; x_wconf 70' lang='lat' dir='ltr'>corpusculum</span> <span class='ocrx_word' id='word_1_398' title='bbox 1755 1775 1899 1807; x_wconf 84' lang='lat' dir='ltr'>jejuniis</span> 
     </span>
     <span class='ocr_line' id='line_1_59' title="bbox 1084 1816 1899 1855; baseline 0.012 -14"><span class='ocrx_word' id='word_1_399' title='bbox 1084 1816 1117 1841; x_wconf 89' lang='lat' dir='ltr'>et</span> <span class='ocrx_word' id='word_1_400' title='bbox 1149 1817 1316 1849; x_wconf 78' lang='lat' dir='ltr'>asperiori</span> <span class='ocrx_word' id='word_1_401' title='bbox 1348 1820 1445 1845; x_wconf 76' lang='lat' dir='ltr'>veste</span> <span class='ocrx_word' id='word_1_402' title='bbox 1479 1820 1649 1852; x_wconf 76' lang='lat' dir='ltr'>castigare</span> <span class='ocrx_word' id='word_1_403' title='bbox 1682 1821 1899 1855; x_wconf 83' lang='lat' dir='ltr'>inceperat..</span> 
     </span>
     <span class='ocr_line' id='line_1_60' title="bbox 1083 1862 1898 1904; baseline 0.011 -15"><span class='ocrx_word' id='word_1_404' title='bbox 1083 1862 1252 1891; x_wconf 84' lang='lat' dir='ltr'>Grandior</span> <span class='ocrx_word' id='word_1_405' title='bbox 1262 1865 1354 1892; x_wconf 86' lang='lat' dir='ltr'>facta</span> <span class='ocrx_word' id='word_1_406' title='bbox 1368 1873 1388 1892; x_wconf 84' lang='lat' dir='ltr'>a</span> <span class='ocrx_word' id='word_1_407' title='bbox 1398 1867 1485 1894; x_wconf 81' lang='lat' dir='ltr'>festo</span> <span class='ocrx_word' id='word_1_408' title='bbox 1502 1867 1620 1895; x_wconf 86' lang='lat' dir='ltr'>Crucis</span> <span class='ocrx_word' id='word_1_409' title='bbox 1630 1869 1803 1902; x_wconf 86' lang='lat' dir='ltr'>jejunium</span> <span class='ocrx_word' id='word_1_410' title='bbox 1815 1879 1898 1904; x_wconf 87' lang='lat' dir='ltr'>quo-</span> 
     </span>
     <span class='ocr_line' id='line_1_61' title="bbox 1083 1912 1898 1946; baseline 0.011 -9"><span class='ocrx_word' id='word_1_411' title='bbox 1083 1912 1199 1938; x_wconf 83' lang='lat' dir='ltr'>tannis</span> <span class='ocrx_word' id='word_1_412' title='bbox 1233 1912 1430 1943; x_wconf 75' lang='lat' dir='ltr'>celebravit,</span> <span class='ocrx_word' id='word_1_413' title='bbox 1457 1915 1638 1943; x_wconf 86' lang='lat' dir='ltr'>abstinens</span> <span class='ocrx_word' id='word_1_414' title='bbox 1666 1917 1708 1944; x_wconf 86' lang='lat' dir='ltr'>ab</span> <span class='ocrx_word' id='word_1_415' title='bbox 1736 1925 1797 1945; x_wconf 90' lang='lat' dir='ltr'>esu</span> <span class='ocrx_word' id='word_1_416' title='bbox 1824 1926 1898 1946; x_wconf 91' lang='lat' dir='ltr'>car-</span> 
     </span>
    </p>
   </div>
   <div class='ocr_carea' id='block_1_19' title="bbox 1084 1959 1898 2036">
    <p class='ocr_par' dir='ltr' id='par_1_19' title="bbox 1084 1959 1898 2036">
     <span class='ocr_line' id='line_1_62' title="bbox 1084 1959 1898 1994; baseline 0.011 -9"><span class='ocrx_word' id='word_1_417' title='bbox 1084 1959 1190 1987; x_wconf 82' lang='lat' dir='ltr'>nium.</span> <span class='ocrx_word' id='word_1_418' title='bbox 1212 1968 1301 1993; x_wconf 88' lang='lat' dir='ltr'>pane</span> <span class='ocrx_word' id='word_1_419' title='bbox 1323 1964 1356 1989; x_wconf 88' lang='lat' dir='ltr'>et</span> <span class='ocrx_word' id='word_1_420' title='bbox 1376 1969 1466 1994; x_wconf 78' lang='lat' dir='ltr'>aqna</span> <span class='ocrx_word' id='word_1_421' title='bbox 1486 1965 1618 1991; x_wconf 84' lang='lat' dir='ltr'>tantum</span> <span class='ocrx_word' id='word_1_422' title='bbox 1641 1965 1677 1991; x_wconf 88' lang='lat' dir='ltr'>in</span> <span class='ocrx_word' id='word_1_423' title='bbox 1693 1968 1791 1993; x_wconf 77' lang='lat' dir='ltr'>sexta</span> <span class='ocrx_word' id='word_1_424' title='bbox 1811 1967 1898 1994; x_wconf 81' lang='lat' dir='ltr'>feria</span> 
     </span>
     <span class='ocr_line' id='line_1_63' title="bbox 1084 2010 1299 2036; baseline 0.014 -3"><span class='ocrx_word' id='word_1_425' title='bbox 1084 2010 1299 2036; x_wconf 82' lang='lat' dir='ltr'>contenta...</span> 
     </span>
    </p>
   </div>
   <div class='ocr_carea' id='block_1_20' title="bbox 1084 2079 1898 2299">
    <p class='ocr_par' dir='ltr' id='par_1_20' title="bbox 1084 2079 1898 2299">
     <span class='ocr_line' id='line_1_64' title="bbox 1154 2079 1898 2118; baseline 0.009 -13"><span class='ocrx_word' id='word_1_426' title='bbox 1154 2079 1261 2118; x_wconf 74' lang='lat' dir='ltr'>Tanta</span> <span class='ocrx_word' id='word_1_427' title='bbox 1287 2080 1351 2106; x_wconf 79' lang='lat' dir='ltr'>fuit</span> <span class='ocrx_word' id='word_1_428' title='bbox 1380 2081 1416 2107; x_wconf 93' lang='lat' dir='ltr'>in</span> <span class='ocrx_word' id='word_1_429' title='bbox 1448 2081 1510 2108; x_wconf 88' lang='lat' dir='ltr'>illa</span> <span class='ocrx_word' id='word_1_430' title='bbox 1536 2084 1662 2110; x_wconf 88' lang='lat' dir='ltr'>mentis</span> <span class='ocrx_word' id='word_1_431' title='bbox 1690 2084 1846 2118; x_wconf 78' lang='lat' dir='ltr'>elevatio,</span> <span class='ocrx_word' id='word_1_432' title='bbox 1861 2088 1898 2112; x_wconf 90' lang='lat' dir='ltr'>ut</span> 
     </span>
     <span class='ocr_line' id='line_1_65' title="bbox 1084 2127 1897 2163; baseline 0.01 -11"><span class='ocrx_word' id='word_1_433' title='bbox 1084 2133 1163 2152; x_wconf 88' lang='lat' dir='ltr'>cum</span> <span class='ocrx_word' id='word_1_434' title='bbox 1191 2134 1326 2154; x_wconf 84' lang='lat' dir='ltr'>sacram</span> <span class='ocrx_word' id='word_1_435' title='bbox 1352 2127 1502 2155; x_wconf 86' lang='lat' dir='ltr'>hostiam</span> <span class='ocrx_word' id='word_1_436' title='bbox 1526 2131 1696 2163; x_wconf 85' lang='lat' dir='ltr'>corporeis</span> <span class='ocrx_word' id='word_1_437' title='bbox 1724 2132 1833 2159; x_wconf 88' lang='lat' dir='ltr'>oculis</span> <span class='ocrx_word' id='word_1_438' title='bbox 1860 2133 1897 2159; x_wconf 91' lang='lat' dir='ltr'>in</span> 
     </span>
     <span class='ocr_line' id='line_1_66' title="bbox 1085 2173 1897 2211; baseline 0.01 -12"><span class='ocrx_word' id='word_1_439' title='bbox 1085 2173 1317 2201; x_wconf 81' lang='lat' dir='ltr'>celebratione</span> <span class='ocrx_word' id='word_1_440' title='bbox 1338 2175 1466 2203; x_wconf 83' lang='lat' dir='ltr'>missae</span> <span class='ocrx_word' id='word_1_441' title='bbox 1481 2177 1609 2204; x_wconf 76' lang='lat' dir='ltr'>intueri</span> <span class='ocrx_word' id='word_1_442' title='bbox 1622 2185 1692 2205; x_wconf 88' lang='grc'><strong>11011</strong></span> <span class='ocrx_word' id='word_1_443' title='bbox 1707 2182 1831 2211; x_wconf 76' lang='lat' dir='ltr'>posset.</span> <span class='ocrx_word' id='word_1_444' title='bbox 1846 2180 1897 2207; x_wconf 72' lang='lat' dir='ltr'>af-</span> 
     </span>
     <span class='ocr_line' id='line_1_67' title="bbox 1084 2221 1897 2258; baseline 0.009 -11"><span class='ocrx_word' id='word_1_445' title='bbox 1084 2221 1247 2248; x_wconf 73' lang='lat' dir='ltr'>firmabat</span> <span class='ocrx_word' id='word_1_446' title='bbox 1268 2224 1384 2249; x_wconf 89' lang='lat' dir='ltr'>tamen</span> <span class='ocrx_word' id='word_1_447' title='bbox 1405 2223 1568 2251; x_wconf 84' lang='lat' dir='ltr'>fratribus</span> <span class='ocrx_word' id='word_1_448' title='bbox 1589 2228 1705 2258; x_wconf 87' lang='lat' dir='ltr'>aperte</span> <span class='ocrx_word' id='word_1_449' title='bbox 1728 2234 1763 2253; x_wconf 88' lang='lat' dir='ltr'>se</span> <span class='ocrx_word' id='word_1_450' title='bbox 1778 2227 1897 2254; x_wconf 80' lang='lat' dir='ltr'>videre</span> 
     </span>
     <span class='ocr_line' id='line_1_68' title="bbox 1084 2267 1596 2299; baseline 0.01 -6"><span class='ocrx_word' id='word_1_451' title='bbox 1084 2267 1303 2295; x_wconf 86' lang='lat' dir='ltr'>incarnatum</span> <span class='ocrx_word' id='word_1_452' title='bbox 1324 2269 1388 2296; x_wconf 84' lang='lat' dir='ltr'>Dei</span> <span class='ocrx_word' id='word_1_453' title='bbox 1408 2271 1596 2299; x_wconf 78' lang='lat' dir='ltr'>verbum...</span> 
     </span>
    </p>
   </div>
   <div class='ocr_carea' id='block_1_21' title="bbox 1083 2374 1898 2749">
    <p class='ocr_par' dir='ltr' id='par_1_21' title="bbox 1083 2374 1898 2749">
     <span class='ocr_line' id='line_1_69' title="bbox 1156 2374 1897 2412; baseline 0.009 -11"><span class='ocrx_word' id='word_1_454' title='bbox 1156 2374 1307 2403; x_wconf 88' lang='lat' dir='ltr'>Puritate</span> <span class='ocrx_word' id='word_1_455' title='bbox 1328 2377 1432 2403; x_wconf 83' lang='lat' dir='ltr'>etiam</span> <span class='ocrx_word' id='word_1_456' title='bbox 1448 2378 1575 2405; x_wconf 87' lang='lat' dir='ltr'>mentis</span> <span class='ocrx_word' id='word_1_457' title='bbox 1588 2379 1706 2406; x_wconf 82' lang='lat' dir='ltr'>futura</span> <span class='ocrx_word' id='word_1_458' title='bbox 1726 2381 1897 2412; x_wconf 83' lang='lat' dir='ltr'>quaedam</span> 
     </span>
     <span class='ocr_line' id='line_1_70' title="bbox 1083 2423 1897 2461; baseline 0.009 -13"><span class='ocrx_word' id='word_1_459' title='bbox 1083 2423 1292 2455; x_wconf 76' lang='lat' dir='ltr'>praevidens</span> <span class='ocrx_word' id='word_1_460' title='bbox 1306 2423 1499 2457; x_wconf 75' lang='lat' dir='ltr'>prophetici</span> <span class='ocrx_word' id='word_1_461' title='bbox 1515 2426 1654 2459; x_wconf 86' lang='lat' dir='ltr'>spiritus</span> <span class='ocrx_word' id='word_1_462' title='bbox 1671 2427 1772 2454; x_wconf 89' lang='lat' dir='ltr'>certis</span> <span class='ocrx_word' id='word_1_463' title='bbox 1788 2428 1897 2461; x_wconf 78' lang='lat' dir='ltr'>signis</span> 
     </span>
     <span class='ocr_line' id='line_1_71' title="bbox 1085 2471 1897 2508; baseline 0.007 -12"><span class='ocrx_word' id='word_1_464' title='bbox 1085 2477 1120 2496; x_wconf 89' lang='lat' dir='ltr'>se</span> <span class='ocrx_word' id='word_1_465' title='bbox 1133 2471 1339 2498; x_wconf 85' lang='lat' dir='ltr'>monstravit</span> <span class='ocrx_word' id='word_1_466' title='bbox 1354 2478 1429 2499; x_wconf 85' lang='lat' dir='ltr'>esse</span> <span class='ocrx_word' id='word_1_467' title='bbox 1446 2473 1651 2506; x_wconf 83' lang='lat' dir='ltr'>participem</span> <span class='ocrx_word' id='word_1_468' title='bbox 1678 2474 1743 2508; x_wconf 89' lang='lat' dir='ltr'>(La</span> <span class='ocrx_word' id='word_1_469' title='bbox 1757 2474 1792 2502; x_wconf 90' lang='lat' dir='ltr'>B.</span> <span class='ocrx_word' id='word_1_470' title='bbox 1808 2475 1897 2502; x_wconf 86' lang='lat' dir='ltr'>Mar-</span> 
     </span>
     <span class='ocr_line' id='line_1_72' title="bbox 1084 2523 1897 2562; baseline 0.007 -12"><span class='ocrx_word' id='word_1_471' title='bbox 1084 2523 1227 2557; x_wconf 74' lang='lat' dir='ltr'>gherita‚</span> <span class='ocrx_word' id='word_1_472' title='bbox 1249 2525 1401 2552; x_wconf 86' lang='lat' dir='ltr'>sebbene</span> <span class='ocrx_word' id='word_1_473' title='bbox 1424 2526 1526 2560; x_wconf 86' lang='lat' dir='ltr'>cieca,</span> <span class='ocrx_word' id='word_1_474' title='bbox 1544 2527 1711 2555; x_wconf 73' lang='grc' dir='ltr'><strong>11νοᾱονο</strong></span> <span class='ocrx_word' id='word_1_475' title='bbox 1730 2529 1740 2555; x_wconf 93' lang='grc'>1</span> <span class='ocrx_word' id='word_1_476' title='bbox 1756 2529 1897 2562; x_wconf 89' lang='lat' dir='ltr'>compiti</span> 
     </span>
     <span class='ocr_line' id='line_1_73' title="bbox 1086 2572 1898 2606; baseline 0.009 -9"><span class='ocrx_word' id='word_1_477' title='bbox 1086 2572 1259 2599; x_wconf 83' lang='lat' dir='ltr'>scolastici</span> <span class='ocrx_word' id='word_1_478' title='bbox 1281 2572 1335 2599; x_wconf 88' lang='lat' dir='ltr'>dei</span> <span class='ocrx_word' id='word_1_479' title='bbox 1357 2573 1432 2606; x_wconf 48' lang='grc'><strong>11011</strong></span> <span class='ocrx_word' id='word_1_480' title='bbox 1454 2573 1488 2600; x_wconf 83' lang='grc'>(11</span> <span class='ocrx_word' id='word_1_481' title='bbox 1502 2573 1695 2602; x_wconf 86' lang='lat' dir='ltr'>Venturino</span> <span class='ocrx_word' id='word_1_482' title='bbox 1711 2583 1728 2602; x_wconf 91' lang='lat' dir='ltr'>e</span> <span class='ocrx_word' id='word_1_483' title='bbox 1744 2577 1898 2604; x_wconf 78' lang='lat' dir='ltr'>recitava</span> 
     </span>
     <span class='ocr_line' id='line_1_74' title="bbox 1084 2618 1898 2658; baseline 0.007 -13"><span class='ocrx_word' id='word_1_484' title='bbox 1084 2618 1104 2645; x_wconf 84' lang='lat' dir='ltr'>l’</span> <span class='ocrx_word' id='word_1_485' title='bbox 1114 2619 1233 2646; x_wconf 79' lang='lat' dir='ltr'>ufficio</span> <span class='ocrx_word' id='word_1_486' title='bbox 1247 2619 1338 2647; x_wconf 87' lang='lat' dir='ltr'>della</span> <span class='ocrx_word' id='word_1_487' title='bbox 1350 2622 1450 2647; x_wconf 87' lang='lat' dir='ltr'>santa</span> <span class='ocrx_word' id='word_1_488' title='bbox 1466 2620 1624 2658; x_wconf 71' lang='lat' dir='ltr'>Croce)...</span> <span class='ocrx_word' id='word_1_489' title='bbox 1640 2621 1898 2651; x_wconf 84' lang='lat' dir='ltr'>EtPsalterium</span> 
     </span>
     <span class='ocr_line' id='line_1_75' title="bbox 1085 2667 1897 2704; baseline 0.007 -12"><span class='ocrx_word' id='word_1_490' title='bbox 1085 2667 1257 2694; x_wconf 87' lang='lat' dir='ltr'>concinne</span> <span class='ocrx_word' id='word_1_491' title='bbox 1291 2669 1323 2694; x_wconf 86' lang='lat' dir='ltr'>et</span> <span class='ocrx_word' id='word_1_492' title='bbox 1357 2668 1535 2701; x_wconf 73' lang='lat' dir='ltr'>eleganter</span> <span class='ocrx_word' id='word_1_493' title='bbox 1555 2670 1654 2702; x_wconf 85' lang='lat' dir='ltr'>quasi</span> <span class='ocrx_word' id='word_1_494' title='bbox 1686 2670 1897 2704; x_wconf 83' lang='lat' dir='ltr'>theologiam</span> 
     </span>
     <span class='ocr_line' id='line_1_76' title="bbox 1084 2714 1896 2749; baseline 0.009 -9"><span class='ocrx_word' id='word_1_495' title='bbox 1084 2714 1240 2747; x_wconf 79' lang='lat' dir='ltr'>professa</span> <span class='ocrx_word' id='word_1_496' title='bbox 1259 2715 1552 2749; x_wconf 79' lang='lat' dir='ltr'>interpetraretur,</span> <span class='ocrx_word' id='word_1_497' title='bbox 1567 2718 1774 2745; x_wconf 86' lang='lat' dir='ltr'>mirantibus</span> <span class='ocrx_word' id='word_1_498' title='bbox 1790 2726 1896 2747; x_wconf 88' lang='lat' dir='ltr'>cunc—</span> 
     </span>
    </p>
   </div>
   <div class='ocr_carea' id='block_1_22' title="bbox 1084 2761 1896 2835">
    <p class='ocr_par' dir='ltr' id='par_1_22' title="bbox 1084 2761 1896 2835">
     <span class='ocr_line' id='line_1_77' title="bbox 1085 2761 1896 2797; baseline 0.006 -9"><span class='ocrx_word' id='word_1_499' title='bbox 1085 2761 1128 2788; x_wconf 89' lang='lat' dir='ltr'>tis</span> <span class='ocrx_word' id='word_1_500' title='bbox 1150 2762 1333 2789; x_wconf 87' lang='lat' dir='ltr'>scientiam</span> <span class='ocrx_word' id='word_1_501' title='bbox 1354 2763 1547 2791; x_wconf 88' lang='lat' dir='ltr'>litterarum</span> <span class='ocrx_word' id='word_1_502' title='bbox 1569 2772 1654 2797; x_wconf 82' lang='lat' dir='ltr'>quas</span> <span class='ocrx_word' id='word_1_503' title='bbox 1675 2773 1744 2792; x_wconf 89' lang='lat' dir='ltr'>non</span> <span class='ocrx_word' id='word_1_504' title='bbox 1766 2766 1896 2793; x_wconf 88' lang='lat' dir='ltr'>didice—</span> 
     </span>
     <span class='ocr_line' id='line_1_78' title="bbox 1084 2810 1145 2835; baseline 0 0"><span class='ocrx_word' id='word_1_505' title='bbox 1084 2810 1145 2835; x_wconf 86' lang='lat' dir='ltr'>rat.</span> 
     </span>
    </p>
   </div>
   <div class='ocr_carea' id='block_1_23' title="bbox 1156 3094 1897 3132">
    <p class='ocr_par' dir='ltr' id='par_1_23' title="bbox 1156 3094 1897 3132">
     <span class='ocr_line' id='line_1_79' title="bbox 1156 3094 1897 3132; baseline 0.005 -13"><span class='ocrx_word' id='word_1_506' title='bbox 1156 3114 1162 3120; x_wconf 89' lang='lat'>.</span> <span class='ocrx_word' id='word_1_507' title='bbox 1175 3114 1180 3120; x_wconf 96' lang='lat'>.</span> <span class='ocrx_word' id='word_1_508' title='bbox 1192 3114 1198 3119; x_wconf 91' lang='lat'><strong>.</strong></span> <span class='ocrx_word' id='word_1_509' title='bbox 1214 3094 1445 3132; x_wconf 65' lang='lat' dir='ltr'>continueque</span> <span class='ocrx_word' id='word_1_510' title='bbox 1470 3095 1682 3122; x_wconf 75' lang='grc'><strong>(1111111100101</strong></span> <span class='ocrx_word' id='word_1_511' title='bbox 1703 3094 1897 3123; x_wconf 84' lang='lat' dir='ltr'>Ecclesiam</span> 
     </span>
    </p>
   </div>
  </div>
 </body>
</html>
