2325 3552
1052 202 1097 237 P.
1130 202 1340 239 ADOLFO
1370 205 1598 243 MARTINI

445 355 474 384 S.
498 356 574 384 Box.
589 364 690 384 serm.
711 356 750 384 de
764 356 1022 391 Assnnzptione.
1038 356 1099 389 Op.
1122 356 1158 384 O.
1175 359 1194 384 t.
1210 356 1265 384 IX.

514 411 545 436 p.
565 405 625 431 699.

515 487 591 514 Fuit
621 494 762 520 nanque
795 487 831 514 in
870 487 1014 520 Virgine
1049 487 1177 514 candor
1212 488 1265 515 in-

445 536 673 563 nocentiae...
697 534 834 562 Candor
860 535 1084 562 innocentiae
1110 534 1265 567 virgina-

443 583 495 610 lis.
508 603 532 610 ..
556 581 598 609 Et
618 582 683 609 hoc
705 582 907 616 designatur
927 582 1001 610 Thr.
1017 584 1152 614 quarto:
1175 581 1264 609 Can-

444 630 593 657 didiores
614 630 783 657 Nazzarci
811 630 885 657 eius
906 630 997 656 nive.

527 865 664 893 Candor
697 867 878 900 viminalis
913 867 1126 895 innocentiae
1169 867 1261 894 desi-

442 917 568 947 gnatur
595 914 631 940 in
660 914 808 941 candore
835 914 953 947 vestis,
975 914 1016 941 de
1038 921 1105 947 qua
1125 914 1261 948 Apoca-

444 961 544 994 lipsis
574 961 708 988 decimo
730 968 875 989 nono...
907 960 948 988 Et
976 961 1094 988 datum
1125 964 1175 989 est
1210 962 1262 989 1111

442 1012 479 1035 111
508 1008 683 1041 cooperiat
711 1016 746 1035 se
782 1008 937 1041 byssino.
970 1007 1014 1035 Et
1047 1009 1128 1041 quia
1155 1010 1262 1037 vesti-

442 1059 602 1083 mentum
623 1056 938 1086 conversationis...
959 1056 1036 1083 ideo
1065 1057 1184 1084 dat-um
1211 1060 1262 1085 est

442 1104 473 1130 ei
494 1103 681 1136 byssinum
703 1103 899 1135 candidum,
915 1103 1005 1130 idest
1027 1095 1262 1131 conversatio-

441 1151 496 1177 nis
518 1151 765 1177 indumentum
785 1150 1160 1178 innocentissimum...

518 1197 660 1226 Candor
678 1200 795 1226 autem
815 1198 1010 1233 sapientiae
1030 1198 1186 1232 Virginis
1202 1199 1260 1226 de-

442 1246 603 1279 signatur
631 1245 667 1271 in
702 1245 850 1272 candore
882 1245 987 1277 lucis;
1021 1246 1062 1273 de
1096 1254 1165 1278 qua
1197 1246 1260 1274 Sa-

441 1292 592 1325 pientiae
621 1292 781 1325 septimo:
805 1291 940 1319 Candor
960 1295 1011 1320 est
1037 1293 1126 1320 lucis
1148 1296 1259 1321 aeter-

441 1347 561 1367 nae...
582 1340 630 1366 ita
651 1342 688 1366 ut
709 1339 749 1366 de
771 1347 812 1366 ea
826 1340 948 1367 merito
963 1341 1072 1374 possit
1087 1341 1155 1368 dici
1170 1342 1260 1374 quod

443 1387 606 1414 scribitur
629 1386 827 1419 Sapientiae
856 1387 1017 1420 septimo:
1046 1386 1107 1415 Est
1128 1389 1261 1422 specio-

441 1435 509 1461 sior
525 1434 648 1462 sole...
676 1434 775 1461 Unde
798 1434 1042 1462 Bernardus...
1063 1437 1261 1469 penetravit

439 1483 605 1515 abissum7
622 1485 657 1509 111
674 1485 843 1514 quantum
865 1482 941 1509 sine
962 1483 1139 1516 personali
1159 1484 1259 1511 unio-

440 1537 493 1557 ne.
506 1532 684 1557 creaturae
698 1530 847 1557 conditio
860 1531 996 1563 pat-itur.
1012 1531 1064 1557 1111
1075 1531 1146 1558 11161
1161 1532 1258 1559 inac-

440 1577 596 1604 cessibili
616 1577 778 1604 videatur
797 1577 971 1604 immersa.

511 1624 541 1652 S.
557 1624 635 1652 Bon.
651 1624 701 1651 De
717 1631 781 1651 ass.
798 1632 910 1652 sermo
925 1625 980 1657 VI,
995 1625 1015 1653 1.
1032 1634 1057 1653 c.
1078 1634 1109 1659 p.
1124 1628 1189 1653 669:

511 1672 588 1699 Non
610 1675 794 1700 coronatur
813 1673 882 1700 nisi
903 1674 962 1706 qui
988 1674 1145 1707 legitime
1167 1677 1261 1703 etc...

440 1720 617 1748 Coronata
636 1721 701 1748 suit
724 1721 833 1748 Maria
849 1728 976 1748 corona
989 1722 1138 1756 yloriosa
1156 1724 1260 1752 lumb·-

440 1777 524 1797 nosa
538 1770 740 1804 etpretiosa.
797 1790 1116 1797 ........
1173 1794 1178 1799 .
1219 1794 1224 1799 .

439 1837 624 1843 .....
640 1816 722 1849 quia
761 1817 982 1844 coronaberis
1022 1826 1149 1846 corona
1186 1820 1258 1853 ylo-

439 1865 532 1892 riosa
554 1864 647 1891 15313
662 1865 696 1890 62
718 1863 795 1891 Ε115
812 1871 938 1892 6010113
951 1865 1082 1898 gloriae
1097 1887 1103 1893 .
1116 1887 1139 1893 ..
1161 1874 1257 1894 coro-

438 1918 579 1945 naberis
614 1926 741 1946 corona
775 1918 968 1946 luminosa.
981 1941 986 1946 .
999 1940 1005 1945 .
1039 1920 1260 1947 coronaberis

438 1966 543 1992 etiam
558 1966 864 2000 coronapretiosa:
881 1965 1045 1994 Gandens
1055 1968 1209 2001 yaudebo
1226 1969 1262 1996 in

438 2005 587 2041 Doinino
607 2034 613 2039 .
626 2034 632 2039 .
644 2033 650 2039 .

1408 358 1582 393 Ummmo,
1602 360 1719 389 Arbor
1737 362 1827 390 ritae
1848 362 1869 389 1.
1890 370 1916 390 0,
1936 363 2024 391 f.198
2037 372 2091 392 va.

1411 484 1487 511 Fuit
1509 485 1693 512 candidata
1713 486 1811 519 virgo
1833 487 1982 515 candore
2002 489 2156 522 virgina-

1340 530 1383 557 lis
1405 532 1606 560 innocentie.
1621 533 1714 560 unde
1737 536 1925 568 conceptus
1948 535 2059 563 cordis
2081 537 2155 564 61115

1341 578 1441 610 quasi
1462 585 1583 605 01111165
1605 579 1752 607 Nazarei
1772 581 1914 608 fuerunt
1937 582 2155 611 candidiores

1341 625 1430 657 nive,
1452 625 1632 653 nitidiores
1647 626 1745 661 lacte,
1761 627 1924 662 sapphiro
1938 629 2155 663 pulchriores

1338 672 1509 707 Tren.VIV.
1529 673 1608 701 Ideo
1629 673 1733 702 Jesus
1755 676 1829 703 eius
1845 683 1992 710 sponsus
2008 679 2041 704 et
2059 677 2155 705 filius

1339 727 1417 747 eam
1439 722 1659 749 commendat
1680 722 1801 750 dicens
1818 722 1912 750 Cant.
1927 724 1955 751 1:
1975 724 2056 752 Tota
2075 725 2154 758 pul-

1340 766 1421 794 chra
1443 775 1479 794 es
1500 769 1613 795 amica
1633 776 1712 796 mea
1733 772 1764 796 et
1791 771 1928 798 macula
1950 778 2020 798 non
2048 774 2099 799 est
2118 772 2155 799 in

1337 816 1378 842 te.

1418 862 1495 888 Fuit
1529 863 1714 890 candidata
1748 865 1896 893 candore
1928 867 2155 894 conversatio-

1339 910 1393 937 nis
1414 910 1662 944 honestissime,
1686 911 1741 938 cui
1762 912 1881 939 datum
1902 914 1952 939 est
1973 915 2010 940 ut
2024 914 2156 947 operiat

1337 963 1373 988 Se
1395 956 1538 989 byssino
1560 957 1759 991 splendenti
1774 960 1806 985 et
1822 959 1978 987 candido.
1989 959 2050 994 Ap.
2065 960 2154 989 XIX.

1407 1193 1492 1222 Fuit
1512 1195 1702 1223 candidata
1717 1196 1865 1224 candore
1878 1197 2051 1231 sapientie
2071 1198 2153 1230 quia

1338 1241 1402 1268 fuit
1437 1242 1566 1269 candor
1597 1242 1686 1269 lucis
1730 1245 1847 1270 eterne
1887 1246 1920 1271 et
1953 1246 2044 1271 certe
2078 1252 2154 1278 spe-

1338 1289 1463 1316 ciosior
1484 1289 1564 1317 sole.
1585 1290 1674 1317 Nam
1689 1291 1883 1318 secundum
1898 1291 2116 1320 Bernardum
2130 1313 2152 1320 ..

1338 1337 1456 1364 divine
1488 1337 1659 1370 sapientie
1693 1339 1893 1374 penetravit
1926 1339 2095 1373 abyssum
2122 1342 2154 1367 et

1337 1387 1508 1417 quantum
1542 1385 1693 1412 conditio
1735 1388 1891 1414 creature
1933 1387 2063 1420 patitur
2100 1387 2154 1414 illi

1337 1431 1406 1459 luci
1428 1432 1666 1459 inaccessibili
1686 1433 1871 1461 videbatur
1891 1434 2064 1462 immersa.

1492 1634 1657 1662 UBERTINO
1677 1634 1698 1662 1.
1719 1634 1765 1662 IV
1780 1635 1836 1663 fol.
1851 1637 1903 1662 202
1924 1636 1993 1663 rab.

1408 1682 1483 1708 Non
1500 1682 1723 1709 coronabitur
1737 1684 1856 1709 autem
1870 1682 1939 1710 nisi
1960 1683 2020 1715 qui
2041 1683 2153 1716 legiti-

1337 1738 1447 1758 me...
1465 1729 1503 1756 In
1519 1729 1674 1762 Quolibet
1689 1737 1809 1756 60111111
1820 1730 2153 1765 accepityloriosam

1340 1778 1458 1805 divine
1499 1776 1739 1804 similitudinis
1773 1776 1899 1804 Esaiae
1931 1777 2039 1804 LXII:
2075 1777 2152 1805 Eris

1335 1832 1463 1853 corona
1476 1824 1583 1858 glorie
1595 1825 1633 1851 in
1647 1832 1752 1851 11131111
1776 1824 1917 1852 Domini
1940 1827 1972 1852 et
1993 1825 2153 1853 diadema

1334 1873 1370 1900 in
1392 1880 1499 1900 manu
1514 1872 1579 1899 Dei
1594 1872 1653 1899 tui.
1675 1871 1845 1899 Coronam
1866 1872 1940 1905 spei
1961 1872 2151 1908 speciosam

1335 1920 1454 1948 divine
1487 1919 1733 1946 firmitudinis.
1755 1940 1761 1946 .
1781 1940 1788 1945 .
1810 1918 1980 1946 Coronam
2000 1919 2151 1947 lumino—

1334 1976 1413 1996 sam
1446 1967 1564 1994 divine
1603 1965 1874 1999 pulchritudinis
1909 1965 2013 1994 Esaie
2052 1966 2128 1993 LXI
2146 1976 2151 1994 2

1340 2015 1503 2044 Gandens
1523 2014 1676 2049 yaudebo
1698 2014 1735 2042 in
1748 2013 1899 2042 Domino
1914 2034 1920 2040 .
1932 2034 1938 2040 .
1950 2035 1956 2040 .

572 2102 612 2140 N
617 2102 656 2140 el
686 2114 885 2141 sermone
917 2103 1373 2144 sull'Annunziazione
1406 2104 1447 2142 di
1479 2103 1616 2142 Maria
1636 2102 1679 2142 vi
1700 2102 1722 2141 e
1743 2102 1860 2142 forse
1883 2103 2066 2153 qualche
2089 2103 2150 2141 di-

437 2166 680 2218 pendenza,
711 2179 781 2205 ma
812 2179 983 2223 appena
1002 2169 1289 2220 percettibile.

475 2267 504 2295 S.
527 2268 606 2295 Bos.
626 2268 677 2295 De
700 2275 778 2295 ann.
801 2275 900 2296 serm.
916 2268 955 2295 V.
970 2276 1045 2302 pag.
1060 2271 1144 2297 6781.
1165 2270 1221 2299 ΙΧ.

509 2315 674 2343 Salutans
695 2316 800 2349 igitur
819 2316 995 2349 virginem
1009 2316 1157 2344 Mariam
1172 2318 1255 2345 dicit
1287 2347 1295 2349 1

438 2364 614 2397 Angelus:
634 2364 705 2391 Ave
730 2363 850 2392 Maria
875 2365 993 2398 qratia
1014 2365 1132 2400 plena.
1156 2368 1193 2393 111
1220 2366 1256 2393 111

439 2411 611 2439 sermonis
633 2411 687 2438 sui
709 2411 849 2438 exordio
870 2412 990 2439 reddat
1011 2412 1185 2446 virginem
1201 2414 1255 2442 be-

438 2459 605 2487 nevolam.
627 2459 769 2487 docilem
791 2461 822 2487 et
835 2461 1015 2488 attentam.

1470 2269 1530 2297 ΠΒ.
1553 2269 1589 2298 Α,
1604 2269 1644 2297 V.
1666 2269 1720 2297 fol.
1743 2271 1773 2296 11
1795 2270 1850 2296 Vb.
1872 2276 1889 2296 e
1912 2270 1944 2296 12
1958 2276 2004 2296 ra.

1406 2316 1479 2351 [Col
1492 2317 1603 2344 saluto
1615 2317 1685 2344 Are
1699 2316 1830 2350 Maria]
1843 2316 1919 2343 Tria
1931 2316 2025 2343 enim
2036 2316 2152 2343 inten-

1335 2366 1436 2393 debat
1457 2365 1614 2398 Angelus
1636 2365 1727 2391 circa
1740 2364 1916 2398 virginem
1937 2364 2080 2397 operari.

1405 2413 1519 2440 Primo
1540 2414 1696 2439 mentem
1715 2412 1863 2445 virginis
1884 2414 2052 2440 attentam
2074 2412 2151 2440 red-

1335 2461 1476 2489 delen..

1405 2507 1635 2535 Sec-unda...
1654 2527 1660 2533 .
1694 2507 1866 2534 instruere
1905 2507 2071 2541 vio-yinem
2111 2506 2150 2534 de.

1332 2555 1496 2590 mysterio
1525 2553 1777 2583 incarnationis
1789 2574 1795 2580 .
1808 2575 1813 2580 .
1825 2574 1831 2580 .

1403 2602 1513 2629 Tertio
1552 2601 1757 2629 intendebat
1794 2600 1953 2634 Angelus
1995 2601 2151 2628 animam

1332 2650 1534 2677 beatissime
1563 2648 1718 2682 Virginis
1750 2648 1909 2676 inducere
1935 2648 1982 2676 ad
2008 2656 2148 2676 consen-

1332 2706 1420 2725 sum.

571 2789 626 2827 Al
653 2789 682 2828 f.
714 2789 791 2828 215
823 2802 914 2841 cap.
946 2762 1006 2829 IV
1037 2790 1107 2829 del
1145 2791 1294 2842 quinto
1325 2791 1433 2831 libro
1466 2790 1620 2841 (Jesns
1657 2790 1825 2841 seraph
1848 2790 2032 2840 alatus),
2067 2801 2147 2829 ove

437 2854 650 2893 Ubertino
680 2855 802 2905 parla
832 2854 942 2893 delle
975 2867 1097 2894 sacre
1121 2855 1302 2895 Stimate
1325 2855 1512 2907 dipende
1533 2855 1776 2907 parimente
1799 2854 1914 2893 dalla
1933 2854 2149 2906 leggenda

437 2918 479 2957 di
511 2918 551 2959 S.
582 2918 894 2958 Bonaventura
923 2932 993 2958 ma
1023 2923 1267 2960 atti-averso
1297 2921 1326 2959 il
1357 2919 1693 2960 sermonessodi
1725 2919 1929 2959 Giacomo
1969 2919 2024 2958 da
2060 2919 2148 2958 Va-

437 2995 563 3022 razze
596 2983 647 3022 de
678 2985 826 3022 sacris
854 2985 1155 3035 stiymatibus.
1187 2985 1302 3024 Data
1330 2985 1373 3024 13
1400 2985 1644 3037 Ρορο131113
1672 2984 1904 3035 raggiunta
1932 2984 1977 3033 in
1997 2983 2146 3039 breve

436 3052 580 3100 tempo
612 3048 682 3087 dai
711 3049 901 3088 sermoni
930 3049 1000 3088 del
1021 3049 1192 3089 celebre
1215 3050 1526 3100 Domenicano,
1548 3049 1585 3089 si
1606 3049 1866 3101 comprende
1896 3048 2146 3088 facilmente

439 3125 559 3151 come
592 3113 804 3152 Ubertino
834 3116 1011 3165 potesse
1054 3126 1289 3154 conoscere
1320 3115 1334 3153 i
1364 3115 1459 3154 suoi
1498 3114 1699 3153 sermoni.
1742 3113 1945 3153 Giacomo
1975 3113 2048 3165 poi
2086 3113 2147 3152 di-
