2325 3552
468 183 537 218 ‘246
1063 183 1103 218 P.
1133 182 1352 218 ADOLFO
1380 182 1606 217 MARTINI

468 340 733 389 preruptum,
765 337 948 376 divisum
981 339 1023 375 et
1053 339 1302 388 separatum
1331 336 1375 374 in
1407 335 1632 374 altitudine
1667 337 1739 374 tue
1770 335 2042 386 pauperrime
2073 336 2176 384 vite,

468 406 676 453 tanquam
718 402 762 440 in
806 401 1042 441 celestibus
1082 401 1242 440 divitiis
1280 400 1563 439 fecundatum
1599 403 1642 438 et
1673 400 1725 439 ab
1748 400 1863 439 omni
1884 400 2176 440 delectatione

469 467 615 506 mundi
644 467 860 519 privatum
892 470 934 505 et
963 470 1108 505 mente
1132 469 1174 504 et
1205 478 1384 517 corpore
1415 466 1459 504 in
1488 468 1564 504 tua
1599 465 1883 504 crucifixione
1917 466 2177 505 transfixum

473 537 515 584 et
550 532 925 580 transformatum,
956 534 1191 583 propterea
1224 536 1393 582 patrem
1422 533 1619 569 nostrum
1648 530 1708 569 ibi
1739 531 2023 581 corporaliter
2059 534 2178 570 tran—

470 598 630 637 sfixisti
651 613 669 633 »
703 597 775 647 (l).

604 662 816 702 Ubertino
849 661 1055 700 continua
1086 673 1111 699 a
1140 661 1388 700 descrivere
1418 661 1458 699 le
1493 660 1844 700 trasformazioni
1860 661 2073 712 stupende
2097 662 2176 700 che

470 729 505 767 si
536 739 806 779 opereranno
836 727 907 765 nel
937 729 1056 765 terzo
1088 729 1201 765 stato
1233 726 1303 764 del
1331 725 1488 765 mondo
1518 726 1776 777 inaugurato
1797 727 1870 765 nel
1901 730 2046 766 monte
2070 727 2180 766 oolla

469 793 752 845 impressione
784 792 894 830 delle
926 792 1098 831 stimate
1128 792 1241 830 nelle
1283 791 1401 830 carni
1431 791 1473 829 di
1504 790 1544 831 S.
1576 791 1835 841 Francesco‚
1874 791 2111 843 spiegando
2150 792 2180 830 il

470 858 716 909 significato
747 857 970 896 simbolico
1002 856 1111 895 delle
1145 857 1200 895 ali
1230 856 1299 895 del
1329 856 1532 895 serafino.
1572 856 1711 895 Passa
1746 857 1819 908 poi
1849 869 1874 895 a
1903 857 2102 908 spiegare
2151 857 2181 895 il

470 923 638 962 mistico
669 923 915 974 significato
947 922 1061 973 degli
1091 922 1264 961 animali
1294 921 1489 960 descritti
1522 922 1638 960 nella
1656 921 1851 973 profezia
1872 922 1915 960 di
1934 922 2180 969 Ezechiele.

469 990 481 1027 i
503 989 618 1040 quali
650 1005 667 1024 <<
687 989 816 1026 ibant
837 991 876 1026 et
910 988 1249 1026 revertebantur
1270 988 1319 1025 'in
1339 987 1695 1025 similitudinem
1708 987 1922 1038 fulyurz's
1943 1001 2181 1027 eoruscan—

472 1056 579 1093 ΐίε».
611 1054 659 1092 ln
699 1054 785 1092 essi
823 1053 933 1092 vede
973 1052 1192 1103 figuratii
1230 1044 1331 1091 frati
1375 1052 1453 1091 che
1504 1052 1736 1091 abitavano
1783 1052 1813 1090 il
1860 1056 1985 1092 santo
2033 1057 2178 1092 monte

471 1132 591 1159 come
622 1118 1014 1170 personificazione
1047 1118 1116 1156 dei
1145 1117 1251 1157 veri·
1271 1117 1373 1156 frati
1392 1117 1547 1156 minori
1568 1117 1637 1156 del
1658 1120 1776 1156 terzo
1799 1120 1912 1157 stato
1935 1118 2003 1156 del
2023 1118 2180 1158 mondo

472 1199 492 1224 e
525 1185 594 1224 del
624 1187 741 1224 sesto
773 1184 885 1222 della
916 1183 1085 1231 Chiesa,
1108 1183 1201 1222 cioe
1223 1183 1332 1221 dello
1355 1183 1675 1234 spiritualismo,
1697 1183 1845 1234 quindi
1866 1183 2072 1223 esclama:

607 1267 624 1287 «
647 1250 680 1290 O
712 1249 944 1289 benedicte
976 1249 1088 1293 Iesu,
1119 1249 1225 1287 talia
1255 1249 1457 1287 animalia
1486 1252 1533 1287 tu
1552 1248 1698 1288 fecisti
1745 1249 1789 1287 in
1838 1252 1982 1288 monte
2028 1252 2180 1288 sancto

470 1317 568 1355 isto.
599 1316 710 1354 Nam
742 1314 964 1366 quodlibet
986 1327 1134 1353 eorum
1157 1318 1223 1353 est
1247 1314 1533 1365 compositum
1556 1326 1609 1352 ex
1631 1326 1788 1353 acervo
1812 1314 2047 1353 carbonum
2068 1314 2180 1366 ignis

473 1381 717 1420 ardentium
749 1384 791 1419 et
823 1392 875 1418 ex
907 1380 1112 1419 continua
1143 1379 1401 1419 collectione
1434 1383 1476 1419 et
1506 1379 1796 1418 ruminatione
1844 1380 2071 1431 igneorum
2111 1392 2181 1419 ae-

472 1451 591 1485 tuum
621 1446 708 1485 vite
740 1449 812 1484 tue
844 1445 887 1483 in
919 1457 1048 1484 carne
1079 1444 1276 1496 passibili
1308 1457 1332 1483 a
1369 1445 1581 1496 principio
1618 1445 1680 1483 tui
1724 1445 1985 1484 sanctissimi
2025 1457 2180 1485 couce-

471 1516 570 1563 ptus
603 1514 645 1549 et
673 1510 899 1561 virginalis
931 1514 1049 1549 ortus
1079 1510 1123 1548 in
1153 1513 1277 1549 utero
1310 1514 1352 1548 et
1384 1522 1436 1548 ex
1465 1514 1590 1549 utero
1623 1510 1896 1549 sanctissime
1937 1514 2009 1550 tue
2032 1511 2181 1549 matris

473 1581 515 1615 et
544 1588 681 1627 usque
715 1575 768 1614 ad
800 1576 961 1614 exitum
992 1575 1043 1613 de
1075 1575 1234 1614 mundo
1264 1575 1308 1613 in
1339 1575 1443 1614 duro
1475 1575 1678 1627 supplitio
1715 1576 1912 1615 crucis...

527 1674 563 1681 ..
608 1642 706 1680 Non
736 1641 888 1679 mirum
921 1641 956 1679 si
985 1641 1089 1679 talia
1125 1641 1327 1679 anii'nalia
1367 1640 1420 1679 ad
1453 1641 1661 1692 impetum
1702 1641 1878 1692 spiritus
1917 1642 1981 1680 tui
2019 1641 2183 1680 vadunt

474 1711 516 1746 et
545 1709 822 1746 revertentur
851 1706 894 1744 in
926 1706 1250 1745 similitudinem
1280 1706 1463 1757 fulguris
1496 1707 1779 1745 coruscantis.
1815 1707 1927 1745 Nam
1958 1710 2057 1746 sunt
2078 1719 2182 1758 que—

474 1773 571 1811 dam
603 1772 790 1811 animate
824 1771 998 1823 affigies
1029 1774 1101 1810 tue
1134 1772 1429 1811 sacratissime
1459 1772 1562 1821 vite,
1599 1784 1679 1823 que
1720 1775 1820 1811 tuus
1856 1772 2031 1824 spiritus
2075 1773 2183 1812 vivi-

472 1839 624 1877 ficavit
653 1838 769 1876 solus
801 1837 852 1876 de
885 1837 1079 1888 quolibet
1111 1849 1259 1881 eorum
1290 1837 1493 1877 continue
1526 1837 1659 1877 sentit
1690 1840 1732 1876 et
1763 1838 1944 1877 clamat:
1967 1838 2079 1878 Vivo
2103 1851 2182 1891 ego

470 1904 557 1953 jain
604 1916 691 1942 non
710 1915 789 1954 ego
820 1903 929 1942 vivit
958 1915 1062 1942 vero
1093 1903 1137 1941 in
1166 1915 1233 1941 me
1259 1902 1454 1942 Christus
1474 1919 1507 1942 ».

608 1968 823 2008 Continua
845 1969 935 2007 cosi
957 1980 981 2007 a
1002 1968 1202 2020 spiegare
1224 1968 1251 2007 il
1275 1968 1523 2020 significato
1546 1968 1656 2007 delle
1676 1969 1749 2009 ali:
1770 1981 1857 2007 non
1875 1969 1898 2007 e
1914 1970 2018 2020 pero
2037 1969 2182 2008 chiaro

474 2047 519 2073 se
552 2034 877 2085 l’applicazione
911 2034 989 2073 che
1020 2046 1074 2072 ne
1105 2033 1151 2072 fa
1180 2033 1371 2085 riguardi
1402 2034 1414 2072 i
1443 2033 1545 2072 frati
1576 2034 1654 2073 che
1687 2033 1922 2073 abitavano
1957 2035 2001 2073 la
2022 2034 2183 2078 Verna,

474 2113 496 2138 o
528 2100 571 2137 in
600 2100 805 2150 generale
835 2099 877 2138 la
906 2099 1099 2138 frazione
1145 2099 1259 2151 degli
1305 2099 1530 2151 spirituali.
1567 2099 1746 2151 Sempre
1788 2099 2029 2151 spiegando
2059 2100 2088 2139 il
2128 2101 2183 2139 si-

473 2165 682 2217 gnificato
713 2165 883 2204 mistico
915 2165 1025 2203 delle
1058 2166 1124 2214 ali,
1154 2165 1198 2203 in
1230 2165 1311 2203 due
1344 2165 1384 2203 di
1407 2169 1559 2216 queste
1591 2165 1702 2204 vede
1726 2165 2080 2216 simboleggiatii
2110 2165 2183 2205 do-

473 2231 566 2269 veri
594 2243 723 2269 verso
752 2230 782 2268 il
810 2231 1024 2282 prossimo
1058 2247 1076 2267 «
1097 2230 1204 2270 duas
1235 2234 1440 2282 respectu
1481 2230 1665 2282 proximi
1704 2243 1786 2281 que
1837 2234 1938 2270 sunt
1985 2231 2182 2270 remissio

474 2296 725 2334 iniuriarum
757 2298 799 2334 et
830 2297 1014 2347 largitio
1047 2297 1433 2349 eleemosinarum.
1464 2296 1579 2335 Vuol
1607 2296 1723 2335 forse
1757 2308 1837 2335 con
1859 2299 2012 2347 queste
2034 2297 2182 2335 ultime

475 2361 620 2412 parole
654 2361 844 2399 alludere
878 2361 961 2400 alla
990 2373 1207 2412 generosa
1237 2362 1373 2400 carita
1416 2361 1485 2400 dei
1514 2362 1615 2400 frati
1646 2361 1760 2400 della
1788 2361 1947 2405 Verna.
1985 2362 2062 2401 che
2093 2362 2184 2401 fino

476 2426 529 2464 da
560 2426 658 2476 quel
687 2428 832 2477 tempo
865 2426 899 2465 si
929 2426 1087 2465 faceva
1120 2430 1271 2465 notare
1290 2427 1309 2465 ⁸?
1340 2427 1438 2465 Non
1470 2427 1492 2465 e
1528 2426 1807 2478 impossibile.

609 2490 800 2529 Difficile
834 2491 856 2529 e
887 2491 913 2529 il
946 2503 1099 2542 sapere
1132 2492 1200 2530 chi
1218 2504 1323 2530 sono
1346 2492 1446 2542 quei
1478 2508 1495 2527 «
1517 2493 1586 2530 ύιιί
1605 2491 1665 2542 (di
1688 2491 1822 2542 Gesu)
1844 2493 1938 2530 viri
1956 2492 2182 2543 seraphici

477 2568 583 2606 quos
613 2556 656 2593 in
686 2556 768 2594 hoc
799 2559 872 2595 tuo
905 2560 1056 2595 sancto
1087 2560 1233 2595 monte
1265 2557 1463 2595 formasti
1496 2558 1539 2595 in
1560 2558 1695 2608 primo
1717 2560 1840 2608 patre
1861 2569 1940 2608 per
1960 2557 2184 2596 charitatis

476 2620 723 2659 incendium
743 2637 775 2659 ».
808 2620 923 2661 sono
945 2621 1001 2672 gli
1023 2622 1236 2672 spirituali
1256 2622 1300 2660 in
1320 2623 1525 2672 generale
1549 2635 1572 2661 o
1593 2624 1606 2661 i
1626 2622 1727 2661 frati
1750 2622 1862 2660 della
1883 2622 2031 2661 Verna
2047 2623 2066 2661 ἱ)
2086 2622 2127 2660 N
2131 2634 2185 2661 on

477 2686 512 2724 si
534 2685 747 2737 saprebbe
770 2686 876 2725 dirlo
900 2698 978 2725 con
1002 2687 1236 2725 sicurezza.
1261 2686 1334 2726 Cio
1358 2687 1436 2725 che
1459 2687 1646 2738 precede
1671 2700 1691 2726 e
1716 2699 1849 2738 segue
1875 2687 1979 2737 (foll.
2015 2686 2185 2737 218-19)

477 2751 583 2790 sulle
614 2751 728 2789 virtu
757 2751 927 2802 proprie
961 2751 1001 2789 di
1033 2752 1190 2790 cotesti
1223 2753 1313 2790 e‘irt‘
1339 2753 1581 2803 seraphici,
1611 2753 1640 2791 il
1661 2753 1854 2792 distacco
1878 2752 1947 2794 dal
1966 2752 2136 2798 mondo.
2158 2753 2186 2791 il

477 2815 692 2854 desiderio
723 2816 764 2854 di
794 2816 874 2854 Dio
906 2816 1009 2865 solo,
1040 2817 1081 2854 la
1110 2816 1200 2855 vita
1231 2817 1367 2856 attiva
1398 2829 1418 2855 e
1443 2818 1794 2869 contemplativa.
1814 2830 2004 2869 possono
2028 2829 2186 2857 conve—

476 2881 567 2919 nire
601 2881 664 2919 sia
694 2893 718 2919 a
746 2881 847 2919 frati
878 2880 1154 2920 determinati
1185 2882 1249 2920 sia
1280 2882 1363 2933 agli
1395 2882 1610 2933 spirituali
1638 2883 1682 2921 in
1711 2895 1886 2934 genere.
1924 2883 2015 2921 Pub
2038 2895 2184 2921 essere

621 3013 664 3043 (1)
686 3012 827 3039 Ritorna
849 3013 870 3039 il
889 3013 987 3040 solito
1004 3016 1160 3040 concotto
1177 3013 1267 3039 dello
1283 3017 1370 3040 stato
1386 3014 1589 3047 evangelico
1605 3014 1812 3047 inaugurato
1833 3013 1901 3041 alla
1916 3013 2042 3041 Verria.
2059 3013 2109 3041 Da
2124 3021 2185 3040 nc»-

478 3059 558 3086 tarsi
573 3059 595 3085 il
612 3059 847 3091 parallelismo
864 3063 913 3087 tra
929 3060 961 3086 la
983 3060 1190 3087 fondazione
1213 3061 1303 3087 dolia
1326 3060 1451 3087 Chiosa
1467 3068 1484 3088 e
1499 3061 1533 3088 la
1547 3061 1754 3088 sondazione
1771 3061 1861 3088 (lello
1878 3064 1965 3088 stato
1981 3061 2185 3094 evangelico

477 3114 537 3139 por
553 3106 582 3132 S.
599 3107 797 3134 Fruneesco.
