2325 3552
508 182 577 216 LA
606 182 800 227 VERNA,
833 182 886 215 IL
916 180 1131 217 COMUNE
1163 182 1219 215 DI
1250 183 1474 217 FJRENZE
1507 183 1615 217 Eoo.
1838 187 1911 217 291

211 347 250 377 et
278 352 355 388 que
385 341 480 375 fient
510 340 786 387 imposterum,
819 351 866 375 ac
896 340 974 375 alia
1004 340 1112 375 bona
1153 345 1191 375 et
1231 339 1433 375 offertoria
1468 351 1723 388 quecumque
1763 341 1914 377 eisdem

211 405 428 448 Fratribus,
462 404 631 441 ecclesie
661 410 781 452 atque
804 404 993 440 domibus
1014 405 1054 439 in
1076 405 1340 440 elemosinam
1376 403 1656 449 concedenda,
1695 406 1917 453 recipiendi

209 481 256 505 ac
285 469 335 504 de
365 469 421 504 eis
451 469 662 504 ecclesiam
705 475 743 504 et
786 468 929 504 domos
972 469 1091 516 ipsas,
1126 469 1194 504 ubi
1235 475 1273 504 et
1312 469 1477 516 quando
1518 470 1635 505 fuerit
1674 470 1911 517 expediens,

207 534 435 581 reparandi,
468 545 514 569 ac
542 534 630 569 aliis
660 545 797 569 earum
828 534 1136 569 necessitatibus
1158 534 1396 569 occurrendi
1418 540 1456 569 et
1478 534 1734 582 providendi,
1754 535 1914 582 plenam

209 604 248 634 et
276 598 443 634 liberam
472 599 712 634 auctoritate
741 598 965 645 apostolica
995 605 1135 634 tenore
1168 598 1415 646 presentium
1445 599 1709 635 concedimus
1749 600 1916 635 faculta—

209 670 302 699 tem.
336 662 535 699 Volumus
564 669 699 699 autem
735 663 846 711 quod
895 664 945 698 de
992 663 1164 711 receptis
1203 670 1241 698 et
1280 663 1473 711 expositis
1490 662 1540 712 (P)
1581 676 1716 699 coram
1756 664 1915 700 dilectis

208 728 299 764 filiis
329 727 514 764 Ministro
545 728 787 764 Provinciali
817 728 914 764 dicti
946 727 1110 764 Ordinis
1140 740 1187 763 ac
1217 727 1454 764 Guardiano
1485 735 1523 764 et
1553 728 1758 765 Fratribus
1788 730 1829 764 in
1851 741 1916 765 ec-

207 793 329 829 clesia
358 798 397 829 et
428 793 616 829 domibus
647 793 808 840 prefatis
839 793 1200 836 commorantibus,
1232 793 1433 829 rationem
1465 799 1503 829 et
1525 799 1760 842 computum
1800 794 1915 830 annis

206 857 374 905 singulis
402 858 572 894 reddere
602 858 834 894 teneamini.
870 858 963 893 Dat.
999 857 1128 893 Rome
1157 858 1266 905 apud
1295 857 1486 894 Sanctum
1516 858 1679 894 Petrum
1709 870 1816 895 anno
1846 858 1913 894 In-

207 923 449 959 carnationis
478 923 682 959 dominice
712 923 932 958 Millesimo
962 923 1359 970 quadringentesimo
1388 923 1590 959 tricesimo
1620 924 1737 959 tertio
1778 924 1913 959 Pridie

208 986 305 1023 Idus
340 987 503 1035 Aprilis,
537 988 801 1024 Pontificatus
831 1000 938 1023 anno
969 988 1086 1023 tertio
1103 1003 1118 1019 »
1146 986 1217 1036 (1).

292 1063 350 1099 14.
385 1052 455 1088 Ma
476 1065 669 1088 mancava
698 1064 844 1088 ancora
869 1065 949 1088 una
971 1064 1064 1088 cosa
1086 1052 1263 1088 all'Arte
1292 1053 1401 1088 della
1429 1052 1560 1098 Lana3
1586 1064 1653 1088 era
1674 1058 1776 1089 stata
1799 1054 1918 1089 costi-

207 1117 307 1153 tuita
336 1117 568 1165 protettrice
599 1118 705 1153 della
736 1117 885 1161 Verria,
920 1115 1008 1153 diro
1041 1114 1140 1161 cosi‚
1173 1118 1214 1152 di
1246 1118 1424 1153 seconda
1454 1129 1589 1162 mano,
1622 1130 1643 1153 e
1672 1130 1755 1153 non
1787 1130 1853 1154 era
1874 1119 1916 1154 in

207 1182 331 1218 fondo
363 1183 436 1218 che
465 1195 547 1218 una
575 1183 774 1230 delegata.
809 1183 985 1218 Sarebbe
1015 1188 1120 1218 stato
1161 1182 1304 1229 quindi
1344 1183 1447 1218 assai
1478 1180 1548 1230 piu
1577 1183 1716 1219 nobile
1746 1195 1817 1231 per
1846 1184 1913 1228 lei,

208 1259 249 1283 se
277 1259 416 1284 avesse
445 1254 589 1296 potuto
620 1254 802 1284 ottenere
833 1248 899 1283 dal
931 1247 1041 1295 Papa
1072 1259 1154 1283 una
1186 1247 1422 1295 protezione
1451 1248 1612 1283 diretta.
1656 1248 1797 1284 Datasi
1827 1261 1915 1296 pei·-

208 1310 270 1348 cio
300 1313 430 1349 anche
460 1313 707 1349 l'occasione
736 1313 843 1348 della
871 1313 1030 1348 dimora
1063 1313 1130 1348 del
1162 1313 1273 1360 Papa
1304 1319 1431 1349 stesso
1462 1313 1503 1349 in
1534 1313 1714 1358 Firenze‚
1758 1315 1915 1350 sembra

208 1377 282 1413 che
312 1378 352 1412 in
381 1378 435 1413 tal
465 1390 583 1414 senso
621 1378 773 1414 fossero
811 1378 906 1413 fatte
945 1378 1050 1414 delle
1084 1389 1292 1425 premure3
1335 1376 1520 1414 cosicche
1559 1378 1585 1413 il
1614 1378 1744 1426 primo
1774 1378 1914 1414 Marzo

213 1440 324 1489 1436,
357 1454 434 1478 con
463 1454 535 1479 sua
565 1443 680 1478 Bolla
714 1443 929 1478 costituiva
968 1443 977 1477 i
1009 1443 1099 1478 suoi
1139 1442 1306 1478 Consoli
1346 1443 1574 1490 protettori,
1608 1443 1811 1484 difensori,
1845 1456 1915 1491 go-

206 1508 407 1544 vernatori
436 1508 501 1544 del
532 1508 744 1544 Convento
775 1508 881 1543 della
911 1508 1058 1553 Verna,
1093 1520 1114 1543 e
1144 1505 1206 1543 cio
1236 1508 1520 1544 direttamente
1551 1520 1670 1544 senza
1700 1509 1726 1543 il
1758 1509 1915 1545 tramite

207 1572 273 1608 del
303 1572 486 1609 Comune
517 1573 558 1608 di
588 1574 768 1609 Firenze.
813 1573 868 1609 La
900 1574 1016 1609 Bolla
1046 1571 1066 1608 e
1098 1573 1135 1608 la
1168 1579 1375 1620 seguente.

292 1712 335 1750 15
375 1703 613 1750 «Eugenius
643 1704 870 1752 Episcopus
891 1715 1026 1739 servus
1060 1715 1265 1739 servorum
1296 1703 1375 1739 Dei
1405 1703 1577 1739 Dilectis
1606 1704 1696 1739 filiis
1727 1703 1913 1740 Consuli-

206 1768 281 1804 bus
301 1774 339 1804 et
361 1768 624 1805 Universitati
654 1767 761 1805 A'rtis
790 1768 900 1805 Lane
930 1768 1114 1805 Civitatis
1144 1768 1363 1812 Florentie‚
1387 1768 1566 1804 Salutem
1589 1774 1626 1804 et
1647 1769 1912 1816 apostolicam

206 1833 548 1870 benedictionem.

298 1914 314 1931 ο(
331 1897 525 1944 Quamvis
555 1900 606 1935 de
637 1900 768 1935 cuntis
788 1900 895 1935 orbis
916 1899 1111 1944 ecclesiis,
1137 1899 1397 1935 Monasteriis
1428 1905 1467 1934 et
1487 1899 1685 1945 religiosis
1706 1899 1909 1944 domibus,

206 1970 325 2012 prout
368 1976 416 2000 ex
454 1964 594 2000 debito
632 1964 802 2000 iniuncti
839 1965 958 2000 nobis
997 1964 1117 2000 officii
1160 1964 1372 2012 pastoralis
1411 1970 1608 2008 tenemur,
1659 1975 1731 2011 pro
1771 1976 1910 2000 eorum

206 2034 311 2065 statu
340 2029 551 2065 salubriter
587 2030 801 2077 dirigendo
838 2030 994 2066 solicite
1040 2029 1285 2076 cogitemus3
1327 2029 1430 2065 inter
1470 2034 1621 2065 ceteras
1654 2034 1791 2064 tamen
1820 2029 1911 2065 reli-

207 2094 338 2141 giosas
367 2095 525 2136 domos,
558 2094 599 2130 in
628 2094 774 2142 quibus
804 2095 968 2130 fratrum
999 2093 1165 2131 Ordinis
1195 2094 1401 2130 Minorum
1431 2094 1537 2141 viget
1567 2094 1822 2130 observantia
1851 2106 1912 2130 re-

206 2159 366 2207 gularis,
413 2160 580 2195 domum
626 2160 753 2196 sancti
803 2159 1007 2195 Francisci
1046 2160 1097 2195 de
1140 2159 1338 2195 Lavernia
1379 2159 1595 2206 vulgariter
1636 2166 1913 2207 nuncupatam

207 2224 373 2260 Aretine
404 2224 591 2269 diocesis,
633 2225 673 2260 in
703 2237 782 2273 qua
820 2225 1062 2261 venerabilis
1101 2224 1319 2261 Confessor
1348 2224 1489 2260 beatus
1520 2224 1756 2260 Franciscus
1785 2224 1912 2260 admi-

206 2290 331 2325 rande
362 2289 447 2325 eius
476 2290 556 2325 vite
577 2290 844 2326 sanctimonia
874 2290 1137 2326 fundamenta
1168 2290 1273 2330 iecit,
1310 2289 1455 2337 quibus
1486 2289 1688 2325 catholice
1710 2289 1805 2325 fidei
1826 2290 1912 2325 edi—

207 2354 311 2398 ficia,
325 2354 450 2390 veluti
466 2354 717 2390 solidissimis
734 2354 931 2391 columnis
949 2366 1075 2402 usque
1093 2355 1133 2389 in
1149 2355 1393 2390 hodiernum
1405 2353 1514 2390 diem
1528 2354 1657 2389 fulciri
1672 2359 1910 2399 noscuntur,

208 2419 543 2456 considerationis
588 2425 725 2456 nostre
770 2420 960 2455 intuitum
1009 2419 1230 2467 dirigimus,
1282 2425 1325 2455 ut
1367 2419 1714 2467 quemadmodum
1753 2419 1911 2467 spetiali

208 2484 461 2532 prerogativa
498 2496 521 2520 a
564 2485 686 2520 beato
725 2484 942 2521 Francisco
980 2485 1062 2520 illic
1105 2491 1267 2532 peracte
1305 2484 1531 2532 penitentie
1569 2483 1913 2532 Stigmatibusque

208 2549 422 2586 Salvatoris
450 2549 576 2586 nostri
606 2550 845 2586 miraculose
884 2549 924 2585 in
962 2559 1038 2586 suo
1078 2561 1246 2597 corpore
1283 2549 1456 2597 receptis
1495 2549 1727 2593 illustratur,
1769 2549 1825 2585 ita
1863 2560 1912 2585 eo

1876 2732 1892 2739 ,-

304 2728 351 2763 (1)
382 2726 583 2766 L'originale
611 2726 642 2755 di
669 2731 787 2766 questa
813 2726 923 2761 Bona,
952 2731 1130 2755 accennata
1157 2725 1262 2755 anche
1287 2725 1320 2755 in
1348 2725 1397 2754 La
1432 2725 1543 2754 Vama
1561 2735 1614 2754 an.
1645 2725 1714 2760 HI,
1744 2735 1836 2754 uum.
1878 2743 1909 2763 s,

206 2795 282 2825 pag.
312 2783 440 2824 396·7;
469 2795 562 2815 num.
593 2793 611 2824 9
639 2795 714 2825 pag.
746 2792 826 2824 530,
855 2785 883 2814 si
910 2795 1068 2814 conserva
1094 2784 1148 2814 nel
1175 2784 1404 2824 Diplomatico
1424 2783 1593 2813 dell’Arte
1612 2782 1697 2813 della
1715 2783 1820 2819 Lana,
1841 2783 1909 2813 nel-

208 2843 341 2874 l’Areh.
371 2844 404 2873 di
431 2843 480 2874 St.
509 2844 543 2873 di
568 2844 706 2873 Firenze
734 2848 823 2873 sotto
848 2843 879 2873 la
905 2843 997 2873 detta
1023 2843 1114 2880 data,
1143 2843 1184 2873 ed
1210 2853 1277 2872 una
1302 2843 1398 2883 copia
1425 2843 1442 2872 e
1467 2842 1520 2872 nel
1546 2842 1702 2872 Bollarz'o
1728 2843 1783 2871 del
1800 2842 1909 2878 Fisco,

208 2902 321 2932 codice
345 2902 380 2932 in
406 2912 606 2943 pergamena
630 2902 684 2932 nel
708 2902 893 2932 medesimo
918 2901 1094 2938 Ambivio,
1124 2912 1143 2931 a
1168 2901 1225 2932 fol.
1256 2909 1337 2942 420.
1368 2919 1410 2922 ——
1438 2900 1644 2940 L'originale
1669 2910 1731 2930 con
1758 2900 1789 2929 13
1822 2900 1911 2930 bolla

207 2961 240 2991 in
259 2961 358 2991 eorda
383 2961 416 2991 di
443 2971 567 3001 canapa
592 2960 635 2990 113
660 2960 714 2990 1161
739 2960 839 2990 dorso
866 2961 896 2990 le
922 2961 1072 3000 seguenti
1098 2960 1264 2990 iscrizioni
1299 2959 1585 2990 cancelleresche:
1618 2960 1817 2998 seqq-[strata
1841 2969 1909 2999 gra

208 3021 251 3050 tis
273 3021 316 3059 >de
342 3021 501 3049 mandato
524 3021 659 3050 domini
681 3020 773 3059 Pape
800 3037 844 3041 —
876 3019 952 3050 Cor.
982 3031 1027 3050 m.
1057 3020 1216 3060 Registro
1237 3021 1364 3059 gratis.
1395 3037 1438 3040 —
1464 3019 1509 3048 R.
1538 3019 1578 3048 de
1603 3019 1769 3048 Valentia.
1792 3034 1831 3038 —
1862 3018 1906 3048 A.

208 3080 247 3109 de
273 3079 464 3109 Florentia.
493 3097 536 3101 —
563 3079 764 3119 Regz'strata
790 3079 827 3107 in
860 3078 1005 3108 camera
1029 3078 1239 3118 Apostolz'ca.
