2325 3552
483 178 551 212 LA
580 178 773 223 VERNA,
799 152 854 212 Π,
884 177 1098 214 ooMUNi:
1132 179 1186 212 Dr
1218 178 1441 214 FIRENZE
1475 178 1586 213 EGO.
1819 176 1895 212 287

188 335 412 383 Religionis
441 336 593 372 cultum
623 348 670 372 ac
699 337 953 372 observantie
973 337 1166 384 regularis
1188 343 1448 384 augmentum
1479 343 1565 373 toto
1587 337 1734 373 mentis
1754 337 1901 372 affectu

186 400 390 437 favoribus
419 407 724 449 prosequentes,
758 402 961 448 magnifici
990 413 1037 437 ac
1066 409 1253 449 potentes
1283 402 1439 438 domini
1461 402 1616 438 domini
1639 402 1797 437 Priores
1826 401 1901 436 Ar-

186 465 287 501 tium
315 477 361 501 ac
391 465 599 501 Vexillifer
630 465 787 502 Iustitie
820 466 968 514 Populi
1000 472 1039 502 et
1069 466 1270 503 Comunis
1300 466 1521 511 Florentie,
1546 466 1641 502 ideo
1673 478 1764 502 curn
1786 477 1900 501 acce-

187 530 320 578 perint
348 531 460 578 quod
489 531 531 566 in
560 537 697 566 monte
719 531 909 576 Alverne,
934 531 1125 567 dictionis
1147 531 1345 567 Comunis
1375 531 1560 579 predicti,
1585 531 1755 567 Sanctus
1777 530 1899 566 Fran-

189 595 331 640 ciscus‚
365 595 483 631 Pater
512 601 551 631 et
580 596 674 631 Dux
703 595 871 632 Ordinis
903 596 1124 640 Minorum,
1158 596 1239 632 vita
1268 608 1315 632 ac
1343 596 1546 632 miraculis
1586 596 1741 639 claruit,
1775 601 1814 631 et
1843 595 1899 630 ibi

188 658 445 695 Conventum
473 660 656 696 Fratrum
687 660 896 708 Regularis
927 660 1195 697 Observantie
1226 661 1413 705 instituit,
1454 661 1523 709 qui
1564 661 1685 708 longo
1717 667 1899 707 tempore

188 730 342 772 postea,
377 724 504 760 Patris
534 725 593 761 sui
623 725 800 772 vestigiis
829 725 1072 769 inherentes,
1115 726 1418 761 observantiam
1457 726 1507 761 ab
1537 737 1586 761 eo
1626 726 1815 760 traditam
1849 724 1901 760 ad

189 789 386 836 integrum
415 801 638 835 servavere,
673 790 937 838 quamobrem
966 790 1173 837 religionis
1202 802 1249 826 ac
1279 791 1357 826 loci
1388 790 1513 838 ipsius
1543 790 1774 826 devotionis
1796 789 1901 825 fama

188 853 258 889 diu
289 854 443 889 illibata
473 855 706 902 permansit.
739 854 818 890 Sed
848 860 989 902 postea
1019 854 1176 890 Fratres
1206 855 1247 890 in
1277 867 1325 891 eo
1356 856 1565 902 degentes,
1598 861 1641 890 ut
1662 866 1750 890 mos
1771 854 1903 890 homi-

187 930 284 953 nurn
312 925 385 962 est,
415 919 585 954 nimium
615 919 690 955 sibi
710 919 980 966 indulgentes,
1004 931 1051 955 ac
1071 919 1354 967 refrigescente
1384 920 1562 964 caritate,
1598 919 1898 956 observantiam

188 982 316 1030 ipsam
346 983 507 1019 minime
536 990 765 1028 tenuerunt,
798 990 963 1032 propter
991 984 1103 1032 quod
1146 984 1251 1020 fama
1293 985 1523 1020 devotionis
1566 997 1612 1020 ac
1656 984 1735 1020 loci
1775 984 1900 1032 ipsius

188 1048 357 1083 nimium
386 1049 496 1096 apud
525 1050 713 1084 mortales
742 1049 941 1085 diminuta
969 1056 1041 1085 est.
1076 1049 1127 1085 Et
1156 1061 1247 1085 curn
1281 1061 1330 1085 ex
1361 1049 1646 1085 commissione
1682 1048 1901 1085 beatissimi

192 1113 363 1160 Eugenii
393 1113 503 1161 Pape
532 1114 677 1161 quarti,
701 1126 772 1162 per
791 1114 1173 1150 reverendissimum
1194 1115 1236 1149 in
1257 1114 1418 1151 Christo
1440 1120 1593 1163 patrem
1624 1120 1663 1150 et
1691 1114 1902 1150 dominum

192 1177 440 1225 Episcopum
470 1178 747 1222 Sabinensem,
783 1178 1041 1215 Cardinalem
1071 1180 1120 1215 de
1143 1179 1303 1215 Ursinis
1322 1186 1617 1227 nuncupatum,
1641 1179 1682 1214 in
1704 1180 1795 1215 loco
1815 1190 1901 1226 pre-

192 1242 273 1279 fato
303 1243 474 1279 restituti
504 1243 649 1279 fuerint
678 1244 835 1280 Fratres
865 1243 1030 1280 Ordinis
1058 1245 1244 1292 predicti,
1269 1245 1507 1280 strictiorem
1529 1244 1725 1292 Regulam
1756 1243 1904 1280 Obser-

192 1313 345 1352 vantes,
397 1309 479 1356 qui,
524 1309 600 1345 nisi
644 1309 870 1345 conservati
914 1317 953 1345 et
996 1309 1124 1345 adiuti
1168 1310 1329 1354 fuerint,
1376 1310 1601 1345 emulorum
1645 1309 1904 1357 quorundam

192 1373 349 1408 astutiis
378 1385 425 1408 ac
445 1374 653 1419 molestiis,
678 1374 842 1410 faciliter
867 1386 888 1409 e
911 1374 1000 1410 loco
1021 1375 1200 1410 amoveri
1221 1380 1386 1423 possent
1405 1386 1412 1419 ;
1446 1380 1485 1410 et
1506 1386 1598 1410 cum
1619 1374 1903 1422 temporalium

193 1438 393 1474 bonorum
424 1438 521 1474 dicti
553 1438 790 1475 Conventus
820 1451 956 1475 curam
987 1439 1136 1475 habere
1167 1451 1426 1488 nequaquam
1457 1451 1526 1475 eos
1547 1440 1704 1483 deceat,
1737 1439 1813 1475 nisi
1833 1450 1904 1486 per

193 1502 295 1539 alios
324 1515 462 1539 eorum
483 1504 721 1551 gubernatio
744 1510 930 1552 suscepta
950 1505 1082 1549 fuerit,
1106 1505 1217 1541 brevi
1239 1511 1420 1553 tempore
1441 1505 1697 1541 destruentur
1725 1516 1771 1540 ac
1802 1503 1905 1552 peri—

194 1568 308 1604 bunt.
343 1568 528 1616 Cumque
559 1569 681 1604 etiam
711 1581 782 1617 per
804 1570 955 1605 litteras
976 1570 1129 1606 Summi
1150 1570 1359 1606 Pontificis
1378 1570 1561 1617 requisiti
1582 1569 1729 1605 fuerint
1749 1569 1904 1604 domini

194 1633 350 1681 prefati,
383 1633 538 1669 favores
577 1640 802 1682 oportunos
840 1634 1004 1682 prefatis
1043 1635 1228 1671 fratribus
1268 1634 1535 1671 Observantie
1573 1635 1755 1683 prebere,
1789 1641 1827 1670 et
1847 1634 1905 1669 eis

195 1698 394 1742 assistere,
413 1705 452 1734 et
472 1699 563 1735 illos
584 1699 699 1744 tueri,
724 1706 936 1747 protegere
957 1706 997 1736 et
1018 1700 1058 1735 in
1079 1700 1171 1736 loco
1193 1712 1446 1745 conservare,
1471 1700 1566 1736 ideo
1581 1706 1664 1736 tarn
1684 1699 1904 1735 beatissimi

195 1763 304 1811 Pape
325 1764 450 1800 nostri
470 1764 651 1800 honestis
672 1765 1008 1810 exortationibus,
1033 1777 1155 1813 quam
1175 1766 1381 1813 religionis
1403 1772 1442 1801 et
1471 1765 1727 1801 observantie
1756 1765 1905 1800 intuitu

197 1828 309 1872 moti,
342 1829 524 1865 volentes
552 1835 634 1865 tam
655 1819 767 1878 pium
788 1837 828 1866 et
857 1830 1074 1866 honestum
1104 1843 1207 1878 opus
1236 1831 1373 1866 favore
1404 1836 1444 1867 et
1473 1830 1677 1866 favoribus
1705 1830 1904 1878 propitius

195 1893 402 1939 adiuvare,
435 1906 482 1930 ac
512 1895 714 1931 ministros
742 1896 928 1943 ydoneos
960 1895 1155 1932 Comunis
1195 1896 1361 1932 nomine
1398 1896 1450 1931 ad
1480 1896 1663 1943 predicta
1692 1895 1901 1942 deputare,

195 1958 332 1994 habita
361 1971 480 2007 super
509 1959 556 1996 iis
585 1960 758 1996 invicem
789 1966 827 1996 et
857 1972 937 1996 una
966 1973 1058 1996 cum
1089 1961 1230 1997 officiis
1251 1960 1500 1997 Societatum
1520 1959 1905 1996 Gonfaloneriorum

194 2022 442 2059 Societatum
471 2024 618 2072 Populi
648 2031 688 2061 et
718 2025 950 2061 Duodecim
981 2025 1188 2062 Bonorum
1209 2025 1399 2062 Virorum
1431 2026 1529 2061 dicti
1569 2024 1766 2061 Comunis
1804 2025 1904 2060 deli-

195 2088 405 2124 beratione
434 2090 620 2134 solemni,
646 2096 685 2126 et
706 2090 870 2126 deinum
892 2090 994 2126 inter
1015 2090 1124 2138 ipsos
1147 2102 1300 2135 omnes,
1326 2091 1366 2126 in
1388 2090 1600 2126 sufficienti
1620 2101 1789 2125 numero
1810 2101 1906 2125 con-

194 2159 392 2200 gregatos,
425 2154 467 2189 in
495 2154 651 2191 Palatio
683 2155 831 2202 Populi
862 2155 1067 2191 Florentie
1097 2167 1208 2191 more
1240 2156 1359 2191 solito
1391 2161 1663 2202 congregatos,
1690 2154 1847 2191 solenni
1869 2160 1908 2190 et

197 2224 351 2254 secreto
381 2219 604 2267 scruptinio
634 2220 686 2255 ad
717 2220 829 2256 fabas
858 2220 991 2267 nigras
1021 2227 1061 2256 et
1089 2221 1216 2265 albas,
1249 2227 1289 2256 et
1318 2221 1486 2256 obtento
1516 2220 1663 2268 partito
1684 2219 1908 2255 secundum

196 2282 365 2319 formam
386 2284 761 2320 ordinamentorum
782 2285 879 2321 dicti
903 2284 1118 2331 Comunisg
1144 2297 1284 2321 eorum
1305 2285 1469 2333 proprio
1490 2290 1617 2328 motu,
1642 2296 1714 2332 pro
1735 2284 1908 2319 utilitate

198 2346 394 2384 Comunis
424 2349 619 2394 eiusdem,
652 2355 691 2385 et
721 2350 831 2385 omni
862 2350 940 2394 via,
972 2350 1057 2386 iure
1086 2356 1125 2386 et
1155 2351 1279 2386 modo
1310 2351 1457 2398 quibus
1499 2350 1643 2385 melius
1671 2354 1906 2397 potuerunt,

196 2413 475 2460 providerunt,
508 2414 801 2451 ordinaverunt
831 2421 870 2451 et
901 2415 1242 2459 deliberaverunt,
1276 2415 1343 2451 die
1371 2415 1567 2462 vigesimo
1597 2414 1744 2450 mensis
1783 2413 1905 2458 Iunii,

197 2489 304 2513 anno
335 2477 501 2514 Domini
530 2479 745 2515 millesimo
777 2480 1178 2527 quadringentesimo
1208 2480 1413 2527 trigesimo
1454 2480 1650 2523 secundo,
1683 2479 1908 2515 indictione

199 2542 375 2578 decima:
409 2542 534 2589 Quod
564 2544 758 2592 deinceps
788 2544 830 2580 in
858 2550 1100 2592 perpetuum
1131 2545 1265 2581 dictus
1297 2544 1534 2580 Conventus
1564 2543 1713 2580 montis
1733 2543 1908 2579 Alverne

200 2618 291 2642 cum
320 2608 508 2644 omnibus
536 2608 655 2644 bonis
685 2615 724 2644 et
752 2609 1006 2657 pertinentiis
1037 2610 1132 2653 suis,
1166 2622 1212 2645 ac
1244 2610 1362 2645 etiam
1394 2608 1654 2645 Guardianus
1683 2614 1721 2645 et
1752 2608 1909 2644 Fratres

201 2670 465 2708 Observantie
494 2673 688 2720 predicte,
721 2673 762 2709 in
792 2685 840 2709 eo
870 2674 1077 2721 degentes,
1101 2674 1153 2709 ad
1176 2686 1338 2722 presens
1361 2686 1408 2710 ac
1429 2674 1550 2710 etiam
1571 2674 1612 2709 in
1633 2673 1809 2709 futurum
1829 2673 1908 2709 sint

201 2736 274 2771 sub
304 2737 556 2783 protectione
584 2743 624 2773 et
652 2738 888 2774 defensione
918 2738 1115 2774 Comunis
1145 2738 1364 2783 Florentie,
1397 2744 1436 2774 et
1465 2738 1551 2774 vice
1580 2744 1620 2774 et
1634 2738 1799 2774 nomine
1829 2736 1907 2773 Co-

200 2800 335 2835 munis
363 2801 534 2848 predicti
562 2802 614 2837 ad
657 2803 839 2850 predicta
882 2809 921 2839 et
958 2803 1224 2851 infrascripta,
1265 2804 1563 2851 deputaverunt
1601 2802 1833 2839 solemniter
1862 2813 1908 2837 ac

201 2864 392 2911 legitime,
427 2872 466 2900 et
494 2877 542 2901 ex
570 2878 677 2902 nunc
694 2867 911 2914 deputatos
940 2879 1027 2903 esse
1048 2868 1312 2904 decreverunt
1333 2868 1543 2911 discretos,
1567 2874 1606 2903 et
1626 2867 1784 2903 nobiles
1804 2867 1910 2902 viros

202 2928 400 2965 Consules
430 2929 537 2965 Artis
567 2929 678 2966 Lane
708 2930 879 2968 civitatis
909 2931 1113 2968 Florentie
1151 2944 1224 2980 pro
1263 2938 1445 2979 tempore
1475 2932 1704 2975 existentes,
1740 2937 1778 2966 et
1808 2931 1909 2966 duas

201 2999 334 3041 partes
363 3005 516 3038 eorum,
548 2995 639 3030 aliis
669 2995 792 3031 etiam
821 2996 1056 3032 absentibus
1085 3002 1125 3032 et
1167 2996 1371 3044 requisitis
1414 2997 1668 3044 presentibus
1707 2994 1909 3031 contradi-

204 3058 402 3102 centibus,
452 3059 620 3095 mortuis
667 3060 846 3105 remotis,
896 3066 966 3096 aut
996 3061 1308 3108 quomodolibet
1351 3061 1577 3109 impediti53
1603 3067 1642 3096 et
1671 3060 1782 3114 quod
1812 3059 1909 3095 dicti
