2325 3552
1794 172 1815 206 [0

1820 173 1839 206 01

1843 174 1863 206 631

636 151 904 211 UBERTINO
935 173 1008 208 DA
1038 172 1243 208 oASAffl
1278 172 1386 208 Eoo

164 332 206 366 ins
233 342 308 366 sua
339 331 564 365 intentione
591 329 837 363 adiuvarent
864 327 941 373 (op.
970 337 1001 362 6.
1030 336 1114 372 cap.
1143 326 1208 368 IV,
1228 336 1331 372 pars.
1361 325 1429 365 HI,
1448 324 1636 360 Visiones
1663 325 1701 359 et
1720 325 1865 359 consol.

162 401 251 437 pag.
279 389 346 424 118
374 389 420 434 s).

281 448 439 493 Angela
465 446 662 482 concorda
688 456 762 481 con
790 445 984 481 Ubertino
1012 445 1077 480 nel
1105 444 1349 480 combattere
1377 443 1404 478 il
1430 442 1535 478 vizio
1565 453 1635 488 per
1669 442 1734 477 6111
1753 442 1864 477 molti

161 506 337 553 religiosi
365 506 578 541 ambivano
597 506 633 541 16
652 504 853 551 prelature
872 514 892 539 e
911 504 1122 539 l'amicizia
1140 503 1204 539 dei
1222 502 1376 548 grandi,
1396 502 1487 548 (con
1507 502 1659 547 quanta
1673 511 1866 536 coerenza

161 566 221 602 cio
249 565 404 601 facesse
431 564 459 599 il
487 564 674 600 Casalese
705 574 785 598 non
804 563 836 598 si
857 562 1096 609 comprende
1114 563 1254 609 troppo
1273 561 1403 607 bene).
1425 575 1441 593 «
1464 560 1495 596 O
1515 560 1711 595 immensa
1729 562 1865 595 nostra

161 625 374 669 dementia,
403 624 578 659 esclama
603 623 772 668 Angela,
800 622 868 667 qui
895 623 985 668 post
1010 623 1131 658 talem
1151 632 1196 657 ac
1215 622 1369 656 tantum
1393 620 1607 656 Dominum
1642 630 1687 655 ac
1716 620 1865 665 Regem

161 684 311 730 Regum
341 684 380 719 et
405 682 715 729 ignominiosum
742 681 847 717 inter
872 681 1053 717 homines
1082 683 1121 717 et
1147 681 1444 727 comtemptum,
1471 690 1544 714 nos
1563 679 1615 714 ad
1640 679 1866 724 dmmtates

161 744 200 779 et
220 744 506 790 praelationes
531 742 720 777 continue
747 741 984 788 aspiramus
1011 741 1238 776 libertatem
1265 740 1447 775 volentes
1475 740 1514 775 et
1542 739 1628 774 sine
1666 738 1763 784 jugo
1806 737 1866 772 vi-

160 804 313 845 ventes,
339 801 439 837 nulli
466 811 599 837 amore
627 800 713 836 eius
741 799 912 835 subiecti
938 810 1012 835 1166
1039 799 1272 835 obedientes
1300 809 1389 834 esse
1416 798 1612 842 volumus,
1647 797 1718 833 sed
1744 807 1866 843 supra

160 862 260 898 alios
288 863 483 908 quantum
509 871 722 908 possumus
749 860 934 895 volumus
962 858 1201 906 praesidere.
1246 858 1336 893 Non
1371 857 1428 893 sic
1470 858 1513 892 tu
1550 856 1705 893 Christe
1732 856 1865 892 facere

160 921 355 957 voluisti..
372 935 400 956 ».
430 921 507 967 (op.
535 931 565 955 6.
596 920 691 965 165).
718 940 734 945 -
753 918 912 965 Angela
929 919 1112 954 constata
1130 928 1203 953 6011
1232 917 1365 952 dolore
1392 916 1465 952 che
1491 917 1530 951 la
1557 916 1674 951 santa
1699 916 1865 962 poverta

159 991 239 1015 non
267 981 287 1015 e
314 980 522 1015 osservata
540 979 589 1015 ed
607 980 752 1023 amata,
780 988 844 1013 ma
862 977 1020 1023 fuggita
1039 976 1090 1012 da
1107 976 1225 1011 tutti:
1257 976 1273 992 ‘⁴'
1289 975 1484 1020 Sedheu,
1515 975 1613 1022 proh
1633 974 1766 1010 dolor!
1795 973 1865 1009 sed

159 1039 249 1084 heu,
276 1039 375 1086 proh
401 1038 549 1085 pudori
576 1038 686 1073 Haec
712 1037 930 1084 paupertas
958 1036 1123 1083 spiritus
1158 1029 1276 1070 hodie
1295 1036 1357 1070 est
1392 1034 1561 1081 expulsa
1595 1035 1633 1069 et
1665 1033 1781 1078 quasi
1814 1033 1863 1068 ab

159 1098 344 1133 omnibus
371 1099 432 1134 est
459 1097 610 1143 fugata,
638 1098 676 1132 et
704 1096 810 1142 quod
837 1097 897 1131 est
925 1094 1216 1139 detestabilius,
1245 1094 1294 1129 ab
1322 1094 1402 1129 illis
1430 1093 1499 1139 qui
1526 1093 1565 1128 in
1594 1093 1667 1128 1106
1686 1092 1785 1128 libro
1804 1092 1864 1126 vi-

159 1159 224 1193 tae
251 1158 389 1203 legunt
408 1158 446 1192 et
465 1156 696 1202 intelligunt
716 1156 755 1191 et
772 1155 876 1190 hanc
895 1155 1174 1201 paupertatem
1194 1153 1429 1199 praedicant
1448 1153 1487 1188 et
1505 1151 1746 1197 glorificant,
1764 1151 1863 1186 haec

160 1218 377 1263 paupertas
406 1216 615 1251 voluntate
635 1210 767 1250 §tudio
787 1215 825 1250 et
844 1213 950 1249 facto
969 1213 1147 1248 totaliter
1166 1213 1421 1259 expugnatur
1438 1226 1454 1244 »
1476 1211 1553 1257 (op.
1573 1222 1604 1246 c.
1623 1221 1710 1257 pag.
1733 1210 1829 1255 166).
1847 1230 1863 1235 -

158 1276 317 1322 Angela
344 1275 508 1322 deplora
534 1285 607 1310 con
635 1274 829 1310 Ubertino
860 1272 999 1318 «quod
1027 1273 1157 1307 status
1193 1270 1510 1307 Christianitatis
1546 1281 1625 1305 non
1652 1268 1764 1305 vadit
1794 1279 1865 1315 per

158 1336 307 1370 rectam
334 1335 442 1370 viam
460 1334 486 1369 J
490 1345 561 1369 esu
582 1332 740 1378 Christi,
767 1333 845 1367 imo
864 1331 1035 1378 turpiter
1054 1331 1190 1366 deviat
1209 1330 1258 1365 ab
1279 1329 1419 1366 eadem
1436 1344 1452 1362 »
1484 1330 1590 1376 (pag.
1623 1329 1706 1374 167)
1723 1340 1729 1363 :
1752 1342 1767 1360 «
1785 1327 1864 1364 Sed

159 1394 238 1430 heu
264 1394 361 1441 proh
390 1393 510 1438 dolor,
537 1393 608 1429 sed
635 1393 715 1428 heu
741 1392 840 1439 proh
859 1391 1012 1438 pudor!
1042 1390 1155 1436 Quae
1182 1400 1354 1437 persona
1380 1389 1587 1425 invenitur
1614 1387 1733 1423 hodie
1761 1397 1863 1433 quae

158 1453 299 1500 diligat
313 1454 434 1489 talem
453 1453 686 1488 societatem
705 1452 761 1498 (la
778 1451 1017 1498 compagnia
1036 1450 1141 1485 della
1159 1450 1326 1496 poverta
1346 1460 1366 1484 e
1385 1449 1491 1484 della
1516 1446 1863 1491 mortificazione),

160 1515 203 1548 ut
229 1513 382 1548 scilicet
409 1512 538 1557 fugiat
564 1512 753 1547 honorem
783 1511 822 1546 et
850 1510 991 1556 diligat
1024 1508 1322 1551 verecundiam,
1359 1518 1462 1554 quae
1496 1507 1668 1542 habetur
1702 1507 1864 1553 propter

158 1573 448 1619 paupertatem,
475 1571 667 1606 humilem
702 1571 863 1613 statum,
897 1569 1089 1604 humilem
1118 1568 1299 1603 officium
1334 1569 1373 1603 et
1401 1567 1581 1602 similia..
1611 1596 1617 1601 .
1654 1565 1862 1601 Veraciter

159 1631 417 1677 unusquique
450 1630 491 1665 in
524 1630 633 1665 viam
669 1639 783 1665 suam
819 1628 1048 1673 declinavit,
1083 1638 1157 1662 1166
1191 1628 1252 1662 661
1286 1627 1354 1672 qui
1397 1626 1519 1661 faciat
1562 1626 1711 1660 bonum
1753 1623 1863 1659 istud

159 1690 264 1737 (pag.
294 1690 388 1736 170).
417 1710 434 1715 -
452 1689 612 1735 Angela
638 1699 748 1724 come
769 1687 962 1724 Ubertino
991 1687 1190 1722 combatte
1209 1686 1248 1720 la
1266 1697 1376 1720 rana.
1408 1686 1581 1725 sollenne,
1601 1682 1769 1719 dicendo
1789 1682 1861 1717 6116

161 1749 287 1785 011610
318 1764 333 1781 <<
350 1760 429 1784 11011
462 1748 590 1783 voluit
618 1758 812 1794 apparere
840 1748 884 1781 ut
911 1745 1174 1793 philosophus
1207 1745 1273 1780 vel
1301 1744 1437 1779 doctor
1471 1743 1678 1787 verbosus,
1706 1742 1775 1777 aut
1803 1741 1861 1776 di-

160 1809 342 1855 sputator
368 1808 627 1854 ampullosus,
654 1807 719 1842 vel
748 1806 889 1851 scriba,
916 1805 982 1840 vel
1009 1804 1187 1840 famosus
1214 1804 1254 1838 in
1275 1802 1444 1839 scientia
1463 1813 1534 1838 seu
1561 1801 1761 1848 sapientia
1778 1801 1862 1846 glo-

158 1868 368 1903 riosus...
397 1867 513 1902 Viam
540 1865 724 1902 veritatis
752 1865 867 1900 nobis
902 1863 1132 1908 ostendens,
1161 1863 1268 1909 quod
1302 1873 1381 1898 non
1409 1862 1457 1898 de
1493 1861 1664 1897 scientia
1698 1871 1770 1895 seu
1798 1870 1861 1895 sa-

159 1926 312 1973 pientia
338 1925 500 1972 gloriari
528 1925 731 1969 debemus,
759 1935 833 1959 nec
859 1924 948 1970 ipsa
974 1922 1108 1958 inflati
1126 1922 1298 1958 velimus
1318 1932 1450 1957 coram
1469 1920 1698 1956 hominibus
1717 1929 1861 1954 nomen

159 1985 381 2031 magisterii
397 1984 613 2030 requirere,
628 1994 699 2019 seu
716 1993 863 2018 vanam
878 1982 1045 2028 gloriam
1060 1980 1289 2017 mendicare
1305 1995 1321 2013 »
1340 1981 1417 2027 (op.
1437 1991 1467 2015 6.
1482 1990 1570 2026 pag.
1593 1979 1686 2025 163).
1707 1999 1723 2003 -
1743 1977 1861 2013 001116

160 2044 354 2080 Ubertino
380 2043 539 2089 Angela
566 2044 586 2078 6
614 2053 732 2089 presa
759 2040 1083 2077 d’ammirazione
1110 2051 1131 2076 e
1159 2039 1332 2075 d'amore
1359 2050 1430 2086 per
1456 2038 1493 2074 S.
1510 2039 1743 2077 Francesco,
1772 2047 1861 2082 spe—

159 2103 372 2138 cialmente
399 2112 423 2138 a
449 2112 573 2137 causa
600 2101 705 2137 della
732 2111 806 2136 sua
832 2099 1019 2147 poverta:
1049 2114 1065 2132 «
1084 2099 1146 2135 Oh
1173 2110 1292 2145 quam
1320 2098 1541 2146 perfectum
1570 2097 1773 2143 exemplar
1790 2095 1861 2130 ha-

159 2162 299 2197 bemus
327 2172 351 2196 a
376 2161 547 2207 glorioso
575 2162 688 2207 patre
715 2160 850 2195 nostro
878 2159 920 2194 B.
948 2159 1174 2200 Francisco,
1202 2158 1270 2204 qui
1296 2158 1417 2204 hujus
1436 2157 1671 2193 verissimae
1690 2166 1861 2202 pauper-

159 2221 255 2256 tatis
281 2221 416 2256 lumen
443 2220 653 2256 ineffabile
680 2219 822 2254 habuit
850 2221 889 2255 et
915 2219 973 2254 ita
1000 2218 1048 2254 de
1076 2218 1152 2253 isto
1179 2218 1330 2254 lumine
1364 2217 1508 2264 plenus
1543 2215 1620 2251 fuit
1654 2217 1693 2251 et
1721 2225 1861 2261 super-

160 2281 302 2328 plenus
330 2281 373 2315 ut
400 2280 516 2315 nobis
544 2280 789 2325 singularem
815 2279 923 2314 viam
951 2278 1102 2314 faceret
1121 2279 1160 2313 et
1178 2277 1418 2313 ostenderet.
1447 2276 1537 2311 Non
1564 2275 1669 2311 enim
1698 2285 1770 2320 ego
1798 2284 1860 2308 re-

160 2340 312 2387 spicere
330 2351 493 2386 possum
504 2337 563 2374 'ad
580 2338 703 2374 alium
719 2336 914 2384 sanctum,
930 2338 997 2383 qui
1012 2338 1141 2383 magis
1152 2337 1419 2383 ‘singulariter
1434 2335 1620 2371 ostendat
1638 2334 1735 2369 mihi
1752 2333 1860 2368 viam

158 2399 251 2435 libri
269 2399 388 2443 vitae,
417 2398 570 2434 scilicet
598 2397 803 2444 exemplar
828 2397 937 2433 vitae
975 2397 1051 2432 Dei
1077 2397 1116 2432 et
1142 2396 1316 2431 hominis
1342 2396 1443 2431 Jesu
1471 2394 1617 2431 Christi
1638 2423 1643 2429 .
1661 2422 1691 2429 ..
1718 2393 1768 2428 Et
1787 2387 1859 2438 ego

158 2457 276 2493 video
304 2468 395 2493 eum
414 2456 672 2503 singulariter
698 2466 915 2503 pauperem
934 2456 973 2492 et
990 2455 1108 2491 video
1126 2466 1215 2491 eum
1244 2454 1489 2500 singularem
1516 2453 1735 2488 amatorem
1761 2461 1860 2498 pau-

159 2516 339 2563 pertatis.
366 2516 457 2563 Ipse
491 2515 598 2552 enim
628 2515 706 2550 fuit
732 2525 886 2562 pauper
912 2514 1082 2550 interius
1102 2515 1141 2550 et
1168 2514 1345 2550 exterius
1365 2514 1404 2549 et
1421 2512 1540 2548 video
1559 2523 1650 2548 eum
1683 2510 1861 2546 totaliter

158 2575 488 2611 transformatum
526 2575 568 2610 in
602 2574 893 2622 paupertatem.
913 2574 963 2609 Et
989 2585 1069 2609 non
1097 2574 1224 2609 solum
1252 2572 1453 2608 ordinavit
1482 2571 1558 2607 sibi
1584 2570 1674 2618 ipsi,
1701 2569 1773 2605 sed
1798 2580 1860 2604 or->

159 2634 316 2670 dinavit
341 2634 414 2669 toti
439 2634 656 2670 mundo...
684 2634 776 2681 Ipse
795 2633 901 2669 enim
928 2632 1004 2668 fuit
1021 2633 1110 2679 ipsa
1137 2623 1376 2679 paupertas.
1394 2661 1400 2667 .
1418 2645 1447 2666 ».
1466 2651 1483 2657 —
1510 2631 1555 2665 In
1574 2629 1732 2676 Angela
1749 2638 1859 2675 601116

158 2693 201 2731 111
218 2693 412 2729 Ubertino
439 2692 703 2728 incontriamo
736 2692 765 2727 il
798 2693 979 2728 concetto
1014 2683 1353 2727 sanfrancescano
1387 2690 1460 2726 che
1486 2690 1525 2725 la
1550 2688 1718 2736 poverta
1751 2687 1794 2722 fu
1821 2687 1860 2721 la

158 2751 429 2798 inseparabile
455 2762 678 2798 compagna
710 2751 750 2786 di
769 2751 920 2787 Cristo:
951 2765 967 2783 «
985 2750 1165 2787 Societas
1192 2751 1349 2785 autem.
1393 2749 1527 2784 .haec
1545 2749 1606 2783 661
1624 2747 1751 2794 plinio
1770 2756 1859 2793 per-

159 2810 392 2855 fectissima,
410 2810 601 2845 continua
619 2811 657 2846 et
676 2820 832 2845 summa
845 2810 1062 2862 paupertas
1078 2824 1107 2845 ».
1135 2809 1166 2844 E
1185 2808 1213 2843 il
1231 2777 1402 2855 capitolo
1420 2808 1484 2843 De
1500 2818 1666 2842 summa
1676 2816 1859 2852 pauper-

160 2873 244 2906 tate-
280 2870 438 2905 Christi
454 2868 712 2904 incomincia:
746 2868 926 2905 Societas
960 2869 1083 2914 igitur
1109 2868 1238 2914 prima
1264 2868 1365 2903 Jesu
1393 2857 1540 2903 Christi
1566 2865 1658 2901 111111
1684 2865 1793 2901 vitae
1821 2864 1859 2898 et

160 2929 302 2964 salutis
336 2916 498 2963 nostrae
525 2927 601 2962 fuit
628 2927 820 2962 continua
838 2928 877 2962 et
905 2937 1062 2962 summa
1088 2928 1128 2962 et
1154 2926 1450 2973 perfectissima
1476 2925 1693 2972 paupertas
1721 2924 1797 2968 (op.
1827 2932 1857 2957 6.

160 2998 249 3034 pag.
278 2987 346 3022 158
364 2988 432 3032 ss).
