2325 3552
473 201 542 236 ‘244
1029 199 1070 234 P.
1098 198 1316 234 ADOLFO
1344 198 1570 234 MARTINI

472 359 547 394 tua
576 355 727 405 regula
764 354 1025 393 reformetur
1065 356 1107 391 et
1144 365 1232 391 non
1270 355 1358 391 tam
1397 351 1546 403 tepida
1584 363 1713 402 quam
1750 351 1897 403 gelida
1936 350 2068 390 corda
2107 354 2181 390 tuo

472 421 798 459 inflammentur
829 420 1040 471 exemplo,
1069 419 1153 457 imo
1178 418 1336 458 Christi
1367 417 1580 468 sanguine
1610 420 1821 456 renovato
1842 433 1860 453 »
1893 417 1966 468 (1).

607 486 805 525 Un’altra
833 485 948 524 bella
967 484 1128 536 pagina
1149 483 1259 523 sulla
1280 483 1429 522 Verna
1448 482 1659 522 troviamo
1681 494 1788 534 pure
1810 494 1920 534 poco
1943 494 2153 534 appresso
2173 496 2180 521 :

473 649 480 655 .
500 649 505 654 .
526 648 532 655 .
568 620 582 636 ‘⁶
603 616 811 655 Miserere
835 627 937 666 ergo
958 614 1095 653 nostri
1115 617 1240 665 pater
1260 612 1666 661 misericordiarum,
1698 612 1909 651 confirma
1937 612 2062 652 nobis
2095 625 2182 651 em-

470 681 630 733 ptionis
654 680 897 731 evangelici
917 679 1114 719 thesauri
1142 678 1299 717 librum
1329 679 1564 729 signatum,
1594 677 1639 716 in
1670 690 1753 728 quo
1783 678 1971 729 posuisti
2002 678 2182 729 stipula-

471 747 612 786 tiones
644 749 687 785 et
715 749 810 784 rata
839 745 974 785 verba
1013 744 1176 796 (fidelis
1193 745 1231 795 ?)
1271 743 1571 796 promissionis
1611 755 1693 794 que
1734 743 1881 783 dixisti
1900 743 2014 795 patri
2033 746 2182 783 nostro

472 812 704 851 Francisco
746 814 788 850 et
827 811 952 861 signa
988 810 1233 849 forinsecus
1264 810 1446 849 vulnera
1475 808 1674 861 patentia
1702 808 1747 846 in
1778 809 1871 848 celo
1904 811 1947 847 et
1975 809 2020 847 in
2052 812 2182 848 terra.

470 877 654 929 Propter
701 876 816 928 quod
865 875 1078 915 convenio
1127 878 1169 914 te
1218 875 1347 914 hodie
1397 874 1587 913 omnium
1626 877 1799 912 tuarum
1846 874 2183 925 promissionum

469 943 695 994 implector
724 941 824 992 (sic)
854 941 976 989 Jesu,
1006 953 1085 992 per
1112 940 1218 979 illud
1256 939 1507 979 inviolabile
1547 941 1862 978 testamentum
1903 939 2018 990 quod
2055 951 2183 979 reno-

473 1007 583 1047 vasti
620 1008 663 1045 in
695 1019 823 1045 carne
854 1006 1078 1045 Francisci
1117 1009 1160 1044 et
1188 1018 1266 1057 per
1308 1005 1412 1044 illud
1452 1004 1673 1044 immobile
1716 1004 2024 1054 juramentum,
2070 1005 2185 1056 quod

471 1073 551 1112 sibi
594 1085 671 1124 per
700 1072 980 1123 temetipsum
1011 1083 1227 1123 apparens
1243 1071 1410 1121 jurasti,
1434 1073 1621 1121 tangens
1644 1073 1929 1109 sacrosancta
1949 1082 2081 1109 manu
2109 1073 2186 1109 tua

470 1139 624 1178 librum
654 1150 782 1189 quem
804 1137 1074 1177 consecrasti
1104 1137 1246 1176 carnis
1277 1149 1353 1176 sue
1387 1140 1429 1175 et
1460 1136 1688 1188 seraphico
1712 1136 1878 1175 calculo
1901 1135 1962 1187 (2)
1985 1136 2182 1187 sigilasti.

471 1203 633 1242 Adiuro
664 1203 796 1254 igitur
824 1206 866 1241 te
898 1203 942 1240 in
971 1202 1066 1241 loco
1087 1201 1388 1254 promissionis
1410 1201 1537 1240 huius
1559 1213 1638 1253 per
1657 1201 1732 1240 illa
1752 1213 1834 1252 que
1857 1201 2095 1240 memoravi
2116 1213 2185 1240 sa-

472 1268 715 1308 cratissima
736 1268 861 1319 signa
880 1271 967 1317 tua,
998 1271 1045 1307 ut
1074 1267 1267 1319 parvulis
1299 1267 1504 1318 orphanis
1536 1266 1753 1305 deformes
1771 1266 1832 1317 (3)
1863 1267 2185 1306 sanctissimum

470 1336 781 1373 testamentum
809 1333 947 1385 patris
978 1332 1093 1383 quod
1122 1332 1370 1382 rejecerunt
1391 1344 1416 1370 a
1434 1332 1647 1384 principio
1669 1332 1749 1370 filii
1771 1331 2007 1371 abalienati
2025 1336 2185 1371 retron-

473 1412 579 1448 sum,
608 1401 786 1451 propter
816 1398 931 1449 quod
960 1398 1113 1436 merito
1144 1396 1363 1436 tradidisti
1394 1409 1468 1436 005
1498 1397 1543 1435 111
1574 1397 1793 1436 desideria
1831 1409 1911 1436 sua
1944 1399 1992 1436 ut
2019 1397 2187 1436 faciant

473 1477 524 1503 ea
554 1476 636 1515 que
667 1476 754 1503 non
785 1463 1062 1515 conveniunt.
1094 1463 1149 1501 Et
1181 1475 1259 1514 ego
1280 1462 1413 1502 miser
1433 1462 1485 1501 de
1507 1462 1885 1502 retrocedentibus
1919 1462 1983 1501 fui
2013 1465 2056 1501 et
2077 1475 2186 1511 sum,

475 1532 552 1569 sed
581 1530 664 1568 1100
686 1529 825 1568 5010111
844 1529 985 1568 habeo
1017 1528 1113 1580 spei
1143 1528 1258 1579 quod
1278 1540 1404 1579 gemo
1427 1540 1558 1579 super
1578 1528 1701 1567 malis
1723 1540 1806 1579 que
1836 1527 1965 1567 video
1997 1530 2040 1567 et
2061 1528 2187 1579 quasi

473 1595 676 1634 continue
709 1607 781 1634 cor
810 1594 914 1632 mihi
944 1593 1157 1633 scinditur
1184 1605 1260 1645 pre
1293 1593 1439 1632 dolore
1473 1596 1516 1632 et
1536 1592 1753 1632 desiderio
1786 1605 1883 1632 cum
1911 1593 2058 1632 multis
2087 1605 2188 1645 par-

470 1660 582 1700 vulis
613 1660 711 1709 tuis,
743 1672 925 1711 quorum
954 1659 1142 1711 gemitus
1175 1662 1217 1698 et
1248 1661 1524 1710 contemptus
1555 1658 1633 1698 tibi
1661 1658 1855 1710 piissime
1886 1661 2013 1710 pater
2033 1659 2187 1710 allego,

471 1738 578 1776 quos
607 1726 652 1764 in
684 1725 745 1764 eis
776 1725 975 1764 formasti
1004 1728 1052 1764 ut
1084 1725 1300 1776 perficere
1342 1724 1534 1776 digneris
1575 1724 1794 1763 desideria
1833 1736 1916 1775 que
1955 1724 2187 1764 immisisti.

471 1791 582 1830 Nam
613 1803 710 1830 cum
741 1791 802 1830 eis
833 1793 880 1829 ut
910 1790 997 1829 dixi
1026 1792 1117 1829 toto
1150 1790 1279 1829 corde
1311 1789 1511 1829 desidero
1535 1802 1712 1829 servare
1746 1789 2056 1829 inviolabiliter
2085 1802 2187 1829 san-

471 1856 708 1896 ctissimam
737 1856 933 1907 regulam
963 1868 1093 1907 quam
1123 1856 1307 1907 signasti
1337 1855 1491 1907 spiritu
1519 1855 1821 1908 promissionis
1844 1858 1996 1894 sancto
2020 1858 2063 1895 et
2085 1867 2186 1895 san-

471 1922 711 1961 ctissimum
739 1924 1052 1961 testamentum
1081 1920 1305 1960 Francisci
1333 1920 1469 1972 patris
1500 1920 1637 1960 nostri
1668 1920 1783 1971 quod
1821 1932 1909 1959 non
1939 1920 2032 1960 sine
2074 1920 2189 1965 effu-

470 1987 591 2026 sione
636 1986 860 2038 sanguinis
903 1986 1118 2025 dedicasti
1149 1989 1191 2026 et
1223 1985 1466 2025 confit-ebor
1494 1985 1575 2025 tibi
1614 1985 1742 2024 hodie
1783 1988 1967 2037 peccata
2005 1997 2104 2024 mea
2143 1989 2189 2024 et

470 2055 641 2104 patrum
681 2064 886 2091 meorum.
917 2052 1117 2103 Respice,
1163 2063 1399 2102 quesumus
1444 2051 1641 2100 Domine,
1674 2050 1728 2089 ad
1774 2051 2062 2090 humilitatem
2109 2063 2188 2090 no-

472 2120 617 2167 stram,
647 2129 747 2156 nam
776 2117 991 2156 imminuti
1021 2129 1182 2164 sumus,
1213 2117 1410 2165 Domine,
1431 2117 1528 2168 plus
1560 2128 1690 2167 quam
1708 2128 1858 2155 omnes
1883 2118 2051 2167 gentes.
2074 2116 2187 2155 Nam

471 2183 707 2222 occidimur
737 2185 780 2221 et
806 2183 1053 2234 jugulamur
1081 2182 1126 2220 in
1154 2182 1227 2222 Via
1265 2181 1441 2233 spiritus
1479 2181 1543 2220 tui
1582 2184 1625 2220 et
1653 2193 1741 2221 non
1784 2181 1994 2221 audemus
2030 2193 2112 2221 nec
2142 2181 2187 2220 in

471 2248 616 2287 dolore
649 2248 849 2292 clamare,
887 2260 969 2287 nec
1009 2247 1241 2287 ostendere
1271 2259 1351 2286 nos
1382 2247 1558 2296 sentire,
1592 2259 1676 2286 nec
1721 2247 1912 2286 exterius
1941 2246 2188 2295 lacrimare,

472 2326 553 2353 nec
584 2313 728 2353 dicere
760 2313 875 2365 quod
903 2326 1018 2353 mors
1048 2326 1136 2353 non
1167 2313 1223 2352 sit
1261 2312 1546 2352 saluberrima
1582 2312 1685 2352 vita.
1725 2313 1845 2352 Deus
1884 2325 2021 2362 meus,
2056 2324 2185 2364 quam

473 2379 604 2418 (10105
636 2381 703 2418 est
731 2379 802 2418 hic
834 2391 984 2418 carcer
1004 2378 1204 2418 veritatis
1225 2381 1313 2428 tue,
1348 2377 1463 2429 quod
1482 2390 1570 2417 non
1592 2378 1732 2417 solum
1750 2377 1914 2417 veritas
1935 2377 2191 2417 vinculatur

475 2447 517 2482 et
546 2444 590 2482 in
619 2444 775 2496 plateis
807 2444 1031 2493 occiditur,
1064 2443 1142 2483 sed
1170 2443 1268 2496 ipsa
1295 2443 1459 2483 veritas
1497 2443 1769 2495 compellitur
1803 2443 1994 2495 seipsam
2022 2454 2187 2494 negare

474 2513 517 2548 et
547 2509 625 2548 sub
657 2509 845 2549 dominio
875 2509 1091 2548 mendacii
1119 2508 1330 2560 profiteri.
1376 2509 1488 2547 Nam
1520 2512 1562 2547 et
1592 2509 1628 2548 si
1648 2508 1731 2548 1100
1762 2508 2052 2548 confessionis
2084 2520 2189 2548 con-

472 2575 589 2614 tritio
621 2574 675 2613 ad
694 2587 847 2614 manus
868 2575 1036 2614 illorum
1059 2575 1131 2626 qui
1150 2577 1309 2626 regunt
1327 2574 1534 2626 populum
1555 2577 1675 2613 tuum
1697 2574 1925 2613 deveniret
1945 2576 2038 2613 tota
2057 2574 2188 2624 hujus

472 2640 606 2679 libelli
635 2640 861 2692 scriptura,
881 2643 986 2692 puto
1017 2640 1132 2691 quod
1151 2652 1239 2679 non
1260 2639 1472 2678 deficeret
1494 2639 1755 2691 scarpellum
1777 2639 1918 2679 scribe
1950 2638 2004 2678 ad
2025 2639 2188 2678 dilace-

472 2705 655 2744 randum
675 2705 844 2755 librum,
864 2717 947 2744 nec
970 2706 1091 2744 arula
1110 2705 1322 2756 hyemalis
1346 2705 1516 2756 algoris,
1537 2717 1619 2744 nec
1640 2704 1784 2744 rabies
1805 2704 1972 2744 furiosa
1993 2704 2047 2743 ad
2070 2716 2187 2743 com-

473 2770 715 2809 burendum
744 2770 898 2822 ipsum,
929 2782 1012 2809 nec
1041 2770 1145 2808 mihi
1174 2782 1350 2818 nerVUS,
1380 2781 1463 2809 nec
1492 2770 1614 2809 locus
1644 2770 1844 2809 lutuosus
1875 2769 2088 2809 deficeret
2110 2769 2187 2820 (4)-

474 2835 567 2874 Hie.
589 2835 763 2874 Intuere
796 2848 898 2887 ergo
929 2835 1112 2875 Domine
1145 2838 1188 2874 et
1216 2835 1386 2887 respice
1419 2835 1696 2887 opprobrium
1726 2838 1922 2874 nostrum
1944 2837 1987 2874 et
2006 2834 2078 2874 fac
2107 2846 2188 2873 no-

620 2979 665 3012 (1)
687 2979 762 3005 Lib.
783 2978 822 3012 V,
844 2986 916 3013 cap.
936 2978 982 3006 IV
1003 2979 1024 3005 f.
1045 2980 1097 3005 217
1118 2979 1166 3006 rb.

615 3028 660 3060 (2)
681 3026 770 3054 Vedi
791 3033 853 3060 per
873 3027 906 3053 lo
928 3026 1006 3054 stile
1027 3026 1063 3054 la
1083 3027 1205 3054 lettera
1226 3027 1331 3054 citata
1352 3025 1564 3053 dell’Orsini.

618 3075 662 3107 (3)
688 3073 910 3101 Cei-tamente
932 3074 1020 3101 deve
1042 3074 1115 3101 dire
1137 3074 1312 3108 reformes.

617 3122 662 3155 (4)
685 3121 804 3148 Anche
826 3121 861 3148 in
877 3124 997 3154 questo
1019 3124 1120 3148 tratto
1136 3121 1163 3148 si
1184 3123 1289 3148 mette
1301 3121 1337 3149 in
1350 3122 1480 3156 rilievo‚
1497 3121 1567 3149 cosi
1582 3128 1674 3155 pare,
1688 3122 1723 3149 la
1738 3121 1902 3149 sincerita
1917 3121 1950 3148 di
1962 3120 2141 3149 Ubertino.
