2325 3552
604 183 645 221 ll,
672 188 709 221 B.
738 187 965 222 GlOVANNl
994 189 1145 222 DELLA
1172 189 1334 223 VERNA
1359 185 1456 225 ECC.
1805 194 1861 228 151

169 311 274 345 cuius
293 312 470 346 vocabulo
497 312 652 346 ecclesia
670 312 887 356 angelorum
907 312 984 346 sive
1004 312 1046 347 de
1070 313 1315 348 Portiuncula
1332 314 1527 349 vocitatur.
1545 315 1592 349 Et
1609 316 1687 361 ipse
1706 318 1893 361 respondit

169 371 303 405 dicens:
322 372 451 405 Frater
469 372 674 413 Francisoe,
702 382 846 406 asseras
874 383 998 407 coram
1025 373 1197 407 omnibus
1224 374 1403 408 fratribus
1429 375 1523 409 meis
1550 379 1586 409 et
1612 376 1713 410 dicas
1741 388 1810 422 que
1837 381 1893 411 est

168 431 339 465 voluntas
366 432 463 475 regis
490 432 635 466 celestis
663 436 697 466 et
725 432 855 466 matris
881 432 1010 477 ipsius,
1038 432 1124 467 licet
1150 434 1243 467 alias
1271 434 1438 468 dixeritis
1465 438 1505 468 tu
1532 439 1568 469 et
1594 436 1728 470 fratres
1754 437 1820 470 tui.
1848 437 1893 471 Et

170 491 298 525 beatus
324 489 572 538 F[ranciscus]
601 491 788 536 respondit
814 492 949 526 dicens:
979 492 1160 526 Voluntas
1180 494 1259 527 eius
1286 497 1352 535 est,
1381 498 1421 528 ut
1448 505 1469 528 a
1495 495 1659 540 vesperis
1682 496 1792 540 primi
1820 496 1891 530 diei

167 551 329 594 Augusti
357 561 472 595 usque
499 551 543 584 ad
571 562 743 596 vesperas
770 551 922 585 secundi
950 551 1022 585 diei
1049 553 1137 586 dicti
1165 553 1316 594 mensis,
1344 554 1439 598 quod
1467 554 1679 600 quicunque
1698 555 1894 589 intraverit

168 609 205 643 in
232 610 424 644 ecclesiam
464 614 591 644 sancte
629 611 745 644 Marie
785 611 827 645 de
861 611 1014 655 Angelis
1041 611 1118 645 sive
1145 612 1188 646 de
1215 612 1460 647 Portiuncula
1486 614 1678 648 asisiensis
1713 615 1892 660 dyocesis,

169 669 415 703 remictuntur
441 670 511 703 sibi
539 671 663 704 omnia
690 674 841 715 peccata
867 681 936 705 sua
962 681 984 705 a
1010 671 1067 705 die
1094 672 1331 716 baptismatis
1366 673 1470 714 citra,
1498 674 1541 707 de
1568 674 1703 718 quibus
1731 675 1894 709 recorda-

167 732 228 762 tur
254 733 289 762 et
308 730 419 763 etiam
439 740 509 763 non
530 730 743 764 recordatur
761 734 796 764 et
812 731 848 764 in
867 731 1071 775 penitentia
1089 742 1153 765 seu
1170 731 1205 765 in
1226 733 1455 767 confessione
1473 733 1693 767 memoriam
1712 734 1839 768 fecerit
1858 738 1893 768 et

167 789 387 822 mandatum
413 790 616 834 susceperit
643 800 664 823 a
690 790 889 831 sacerdote,
917 791 1024 824 corde
1043 791 1200 825 contrito
1228 797 1263 825 et
1289 792 1498 834 humiliato,
1526 797 1562 826 et
1588 794 1781 827 absolutus
1820 794 1894 828 fue-

168 848 215 881 rit
241 859 305 893 per
331 848 454 893 ipsum
481 849 706 883 sacerdotem
735 854 817 894 post
843 850 1062 884 mandatum
1091 855 1316 895 susceptum.
1343 852 1389 885 Et
1416 862 1511 897 papa
1537 853 1736 897 respondit:
1764 854 1893 887 Frater

166 908 371 949 Francisce,
399 919 579 952 magnum
606 913 661 943 est
687 909 781 954 quod
810 909 914 954 petis,
943 910 1004 944 sed
1033 914 1228 956 postquam
1257 922 1319 945 rex
1345 912 1492 946 celestis
1519 912 1691 946 dominus
1709 913 1807 958 yhus
1825 924 1892 958 xps

167 967 212 1001 ad
240 968 458 1002 instantiam
486 969 591 1002 beate
617 969 732 1002 Marie
751 969 908 1013 virginis
928 969 1060 1003 matris
1079 970 1158 1003 eius
1179 970 1226 1015 (l)
1246 974 1351 1004 tuam
1370 971 1575 1005 orationem
1602 972 1801 1014 exaudivit,
1826 984 1891 1007 nos

168 1026 375 1061 scribemus
414 1027 582 1072 episcopo
621 1028 760 1062 asisino
799 1032 834 1062 et
874 1028 1058 1073 perusino,
1086 1029 1284 1071 tudertino,
1316 1034 1351 1064 et
1378 1030 1557 1075 spoletino
1584 1035 1619 1065 et
1646 1031 1829 1076 fulginato
1857 1038 1892 1066 et

169 1087 339 1120 nuterino
366 1090 401 1121 et
427 1087 625 1131 eugubino,
653 1088 748 1133 quod
775 1088 927 1122 veniant
966 1088 1011 1122 ad
1047 1089 1170 1122 locum
1197 1093 1323 1124 sancte
1350 1090 1466 1124 Marie
1494 1091 1536 1124 de
1563 1091 1715 1135 Angelis
1742 1092 1819 1126 sive
1847 1092 1890 1126 de

168 1146 410 1181 portiuncula
436 1147 558 1192 prima
585 1148 642 1181 die
670 1148 794 1192 agusti
815 1148 862 1193 (2)
883 1152 918 1182 et
938 1148 1126 1182 notificent
1145 1149 1380 1184 venientibus
1399 1150 1673 1194 indulgentiam
1692 1162 1805 1196 quam
1823 1152 1891 1186 tibi

166 1206 357 1251 placuerit3
385 1210 420 1241 et
446 1207 499 1241 sic
526 1208 656 1242 beatus
684 1206 933 1255 F[ranciscus]
962 1219 1047 1242 cum
1066 1208 1182 1250 sotiis,
1202 1210 1363 1254 acceptis
1381 1210 1516 1244 litteris
1536 1211 1674 1244 summi
1693 1211 1890 1256 pontificis,

167 1266 210 1300 ad
238 1266 421 1311 predictos
448 1267 635 1311 episcopos
662 1271 843 1301 venerunt
869 1272 904 1301 et
930 1267 1075 1302 litteras
1102 1269 1268 1302 fecerunt
1294 1270 1501 1314 presentari
1519 1274 1555 1304 et
1572 1271 1785 1315 procuravit
1811 1272 1889 1316 ipse

165 1326 280 1360 frater
306 1326 526 1361 Franciscus
552 1327 653 1368 adeo,
681 1327 776 1372 quod
804 1328 840 1361 in
868 1328 926 1361 die
960 1328 1082 1373 prima
1119 1328 1365 1363 kalendarum
1405 1330 1529 1373 agusti
1568 1341 1696 1364 omnes
1735 1331 1890 1375 predicti

166 1385 324 1430 episcopi
352 1386 591 1421 convenirent
618 1387 662 1421 ad
691 1387 827 1421 dictam
856 1388 1050 1422 ecclesiam
1077 1389 1197 1422 sancti
1225 1389 1342 1423 Marie
1369 1394 1403 1423 et
1429 1390 1570 1424 factum
1595 1391 1666 1424 fuit
1693 1392 1889 1436 pergulum

165 1446 342 1489 ligneum,
362 1446 399 1479 in
420 1457 490 1491 quo
514 1457 641 1480 omnes
667 1447 756 1480 dicti
783 1448 943 1492 episcopi
970 1449 1217 1482 ascenderunt
1243 1449 1356 1483 simul
1383 1461 1468 1484 cum
1496 1451 1602 1485 beato
1628 1451 1836 1491 Francisco;
1856 1456 1891 1485 et

165 1517 248 1539 cum
265 1516 402 1548 magna
420 1506 621 1540 multitudo
639 1507 808 1551 gentium
827 1507 877 1540 ibi
897 1514 993 1542 esset
1012 1513 1237 1553 congregata
1251 1509 1350 1543 circa
1364 1510 1573 1554 pergulum,
1589 1511 1696 1555 quasi
1710 1511 1746 1544 in
1767 1511 1891 1545 media

164 1565 285 1606 tertia,
313 1565 404 1599 dixit
431 1567 562 1600 beatus
588 1566 809 1601 Franciscus
836 1567 933 1601 inter
960 1567 1160 1612 episcopos:
1188 1568 1278 1607 Quis
1305 1573 1471 1603 vestrum
1499 1570 1579 1604 vult
1605 1570 1725 1604 dicere
1752 1575 1787 1604 et
1814 1582 1892 1616 pre-

165 1625 287 1659 dicare
314 1630 349 1659 et
376 1626 523 1659 veniam
550 1626 799 1660 annuntiare?
828 1626 874 1660 Et
901 1627 970 1672 ipsi
998 1628 1158 1673 episcopi
1185 1633 1437 1663 convenerunt
1464 1630 1500 1663 in
1528 1641 1645 1664 unum
1664 1635 1700 1664 et
1718 1631 1891 1665 dixerunt

165 1685 263 1719 intra
289 1696 337 1719 se:
368 1686 442 1720 Nos
469 1685 650 1720 habemus
678 1687 781 1731 sequi
810 1687 1039 1721 voluntatem
1067 1692 1183 1729 tuam,
1215 1689 1329 1722 frater
1367 1689 1573 1731 Francisce,
1612 1691 1817 1724 secundum
1843 1696 1892 1725 te-

166 1755 291 1779 norem
318 1745 529 1779 litterarum
569 1746 769 1790 papalium.
808 1746 854 1780 Et
881 1747 973 1780 dixit
1001 1748 1132 1782 beatus
1159 1748 1390 1782 Franciscus:
1416 1749 1518 1783 Licet
1543 1760 1616 1784 non
1644 1750 1715 1784 sim
1742 1751 1889 1795 dignus,

165 1805 246 1838 volo
273 1805 399 1850 aliqua
425 1805 545 1839 dicere
572 1810 607 1839 et
625 1806 814 1850 predicare
833 1806 869 1839 in
890 1811 1086 1851 conspectu
1108 1807 1266 1841 istarum
1285 1808 1453 1852 gentium
1472 1813 1508 1843 et
1525 1810 1755 1845 annuntiabo
1774 1811 1892 1845 indul-

165 1865 329 1908 gentiam
357 1865 400 1898 de
427 1865 602 1899 mandato
631 1866 727 1910 regis
755 1866 912 1906 celestis,
936 1878 1006 1911 que
1032 1868 1074 1900 fit
1100 1867 1145 1900 ad
1173 1867 1392 1902 instantiam
1419 1869 1552 1903 matris
1578 1880 1655 1911 sue,
1675 1874 1710 1904 et
1728 1881 1792 1905 vos
1820 1881 1891 1905 an—

165 1924 386 1958 nuntiabitis
414 1935 488 1958 una
515 1935 671 1959 mecum.
699 1926 744 1959 Et
771 1926 932 1960 surrexit
958 1930 994 1960 et
1020 1926 1225 1971 predicavit
1259 1928 1389 1961 beatus
1428 1928 1648 1963 Franciscus
1675 1930 1765 1964 adeo
1792 1930 1890 1964 beni-

165 1994 234 2027 gne
261 1989 297 2018 et
324 1985 464 2018 utiliter
490 1984 553 2025 ita,
591 1989 629 2018 ut
669 1985 856 2019 videretur
894 1986 1050 2030 angelus
1078 1986 1125 2031 (3)
1153 1987 1299 2021 celestis
1326 1991 1361 2021 et
1387 1999 1459 2021 non
1499 1988 1608 2022 homo
1647 1990 1819 2024 carnalis.
1846 1990 1891 2023 Et

164 2044 323 2088 perfecto
350 2055 529 2086 sermone,
558 2045 792 2079 denuntiavit
818 2045 1103 2089 indulgentiam,
1142 2046 1314 2081 videlicet
1353 2051 1394 2081 ut
1432 2048 1642 2093 quicunque
1676 2050 1818 2083 veniret
1844 2050 1890 2083 ad

164 2103 284 2147 ipsam
311 2103 505 2137 ecclesiam
533 2107 660 2138 sancte
687 2104 802 2138 Marie
829 2105 873 2138 de
898 2105 1052 2149 Angelis
1080 2109 1114 2138 et
1141 2105 1353 2149 ingressum
1380 2107 1533 2141 haberet
1552 2118 1572 2141 a
1589 2108 1753 2153 vesperis
1780 2110 1889 2153 primi

165 2163 236 2196 diei
264 2163 509 2197 kalendarum
538 2164 661 2208 agusti
689 2175 805 2209 usque
833 2165 877 2198 ad
904 2175 1079 2210 vesperas
1118 2166 1269 2199 secundi
1309 2166 1381 2200 diei
1420 2167 1508 2201 dicti
1547 2168 1699 2209 mensis,
1734 2173 1812 2202 tam
1846 2170 1890 2203 de

166 2226 270 2256 nocte
297 2232 409 2267 quam
435 2223 478 2257 de
506 2224 575 2264 die,
603 2223 825 2258 includendo
853 2228 996 2258 noctem
1023 2225 1120 2259 sicut
1146 2226 1255 2266 diem,
1287 2226 1527 2260 remittantur
1561 2228 1632 2261 sibi
1663 2229 1788 2262 omnia
1813 2240 1891 2273 pec-

165 2286 248 2316 cata
274 2292 353 2323 sua,
381 2286 576 2327 postquam
604 2283 872 2317 confessionem
900 2284 1037 2325 fecerit,
1057 2295 1079 2318 a
1105 2285 1162 2319 die
1189 2285 1426 2330 baptismatis
1453 2297 1581 2320 eorum
1601 2299 1716 2333 usque
1743 2289 1787 2322 ad
1815 2300 1891 2333 pre-

164 2345 306 2375 sentem
334 2342 442 2375 diem.
468 2342 514 2375 Et
541 2342 610 2376 hoc
637 2343 759 2376 locum
788 2343 898 2378 habet
924 2345 1087 2389 quolibet
1115 2355 1211 2379 anno
1237 2345 1272 2378 in
1302 2350 1524 2390 perpetuum
1551 2347 1594 2381 de
1621 2347 1755 2392 quibus
1782 2348 1888 2393 peni-

164 2401 321 2435 tentiam
347 2402 551 2446 susceperit
578 2406 613 2436 et
649 2403 867 2437 mandatnm
906 2404 1108 2449 sumpserit
1136 2415 1157 2439 a
1184 2405 1383 2446 sacerdote,
1415 2406 1458 2440 de
1493 2406 1628 2451 quibus
1664 2408 1888 2449 recordatur,

166 2464 200 2494 et
227 2460 270 2494 de
296 2461 431 2506 quibus
458 2472 528 2496 non
558 2462 781 2496 recordatnr.
809 2463 1012 2498 Audientes
1038 2475 1124 2498 vero
1160 2465 1320 2509 episcopi
1355 2464 1539 2509 indignati
1566 2470 1653 2500 sunt
1679 2470 1714 2500 et
1740 2467 1891 2501 scanda-

166 2521 244 2554 lum
271 2521 370 2565 passi
397 2525 484 2555 sunt
510 2522 553 2555 de
580 2521 658 2563 hoc,
687 2522 782 2567 quod
810 2522 953 2557 dixerat
979 2525 1110 2558 beatus
1136 2524 1369 2564 Franciscus,
1389 2525 1434 2559 ad
1454 2536 1565 2570 quem
1584 2526 1767 2560 dixerunt:
1787 2526 1891 2561 Licet

166 2580 337 2614 dominus
376 2590 471 2625 papa
508 2581 752 2615 mandaverat
792 2583 896 2616 nobis
935 2583 1032 2628 quod
1067 2594 1306 2628 sequeremus
1333 2584 1379 2626 (4)
1408 2584 1507 2619 circa
1541 2585 1610 2619 hoc
1647 2586 1890 2628 voluntatem,

168 2650 236 2672 non
266 2639 332 2672 fuit
361 2651 426 2673 sue
453 2640 670 2684 oppinionis,
699 2642 794 2686 quod
822 2653 1062 2686 sequeremur
1089 2643 1125 2675 in
1154 2643 1232 2683 hoc,
1260 2644 1355 2688 quod
1383 2655 1589 2688 congruum
1618 2656 1688 2679 non
1708 2651 1774 2685 est;
1795 2646 1890 2679 unde

169 2699 430 2732 denuntiemus
457 2699 580 2732 decem
609 2710 801 2733 annorum.
821 2701 865 2734 Et
884 2702 1045 2734 surrexit
1072 2702 1264 2746 episcopus
1292 2703 1450 2737 asisinas
1477 2703 1597 2737 dicere
1617 2705 1660 2738 de
1679 2705 1802 2738 decem
1831 2715 1890 2738 an-

322 2955 402 2989 Cosi
431 2955 490 3000 qui
520 2966 538 2989 e
565 2955 657 2989 altre
683 2955 782 2990 volte
808 2956 871 3000 piu
897 2960 1003 2991 sotto,

321 3014 403 3048 Cod.
431 3015 582 3058 (myeZis.

322 3073 389 3106 Sic.
