2325 3552
622 224 888 261 UBERTINO
918 225 991 259 DA
1019 224 1220 260 OASALE
1250 226 1363 261 EGO.

1791 206 1811 240 [Ο

1814 207 1835 240 [0

1838 207 1859 241 ω

155 358 296 410 pende
317 358 434 397 forse
456 357 730 397 unicamente
753 357 808 395 da
829 356 869 397 S.
892 357 1203 396 Bonaventura
1225 356 1278 395 ed
1299 357 1436 395 anche
1455 357 1519 407 010
1542 357 1578 396 51
1600 358 1858 409 eoinprende

157 422 328 474 quando
361 422 397 461 si
425 425 558 473 tenga
587 425 792 473 presente
823 421 853 459 il
881 421 991 460 fatto
1024 421 1102 460 ohe
1133 421 1163 459 il
1194 421 1378 472 capitolo
1409 422 1612 472 generale
1644 421 1686 460 di
1715 421 1861 473 Parigi

157 487 226 526 del
258 486 358 525 1266
390 489 503 525 sotto
533 486 575 524 la
603 486 862 537 presidenza
892 485 934 524 di
964 485 1004 526 S.
1035 485 1347 525 Bonaventura
1377 485 1615 524 determino
1648 486 1740 535 che,
1763 499 1860 538 sop-

155 563 306 603 presse
337 553 448 590 tutte
479 551 518 588 le
551 550 658 589 altre
689 550 917 601 leggende,
941 550 977 589 si
1005 562 1158 589 usasse
1190 550 1469 589 unicamente
1501 550 1543 588 di
1574 550 1718 601 quella
1747 550 1859 589 dello

157 619 299 655 stesso
330 616 651 654 Bonaventura.
683 615 717 653 Il
747 617 958 666 seguente
990 617 1216 666 prospetto
1249 618 1412 654 mostra
1441 615 1485 653 in
1516 615 1631 665 quali
1651 615 1860 654 relazioni

156 681 298 720 stiano
328 680 342 718 i
370 683 434 719 tre
466 680 581 719 testi.

227 815 257 843 S.
278 815 355 842 Bon.
366 814 445 849 Leo.
460 814 493 843 S.
511 814 690 843 Francisci

156 862 184 890 O
188 870 218 895 1).
227 862 288 890 O.t.
297 862 375 890 VIII
384 869 458 896 pag.
467 863 527 889 566.
535 861 587 890 De
596 861 687 896 Stry-

155 911 307 938 matibus
328 910 447 941 sacris,
469 916 542 942 cap.
562 909 658 936 XIII:

228 1053 239 1063 “
254 1049 341 1078 Cum
365 1051 470 1084 igitur
497 1049 687 1083 seraphicis

155 1107 390 1125 DESIDERIORUM
411 1106 588 1125 ARDORIBUS
615 1106 688 1124 SUR-

155 1154 216 1172 SUM
227 1154 394 1172 AGERETUR
405 1154 438 1171 IN
451 1144 549 1172 DEUM
559 1153 595 1170 ΕΤ
610 1152 688 1170 COM—

155 1201 286 1219 PASSIVA
321 1200 500 1219 DULCEDINE
539 1191 575 1218 In
609 1198 690 1217 eum

156 1239 459 1266 transformaretur
480 1239 537 1271 qui
563 1246 604 1265 ex
632 1244 688 1265 ca-

155 1287 255 1313 ritate
294 1286 404 1313 nimia
435 1285 546 1313 voluit
579 1285 688 1312 cruci-

155 1333 262 1367 figi...
275 1355 298 1361 ..

228 1379 296 1407 HOC
331 1389 444 1407 VIDENS
480 1388 689 1406 VEHEMENTER

155 1436 326 1455 oesruporr
348 1427 564 1459 mixtumque
594 1433 689 1453 moe-

156 1481 229 1501 rore
239 1474 405 1507 gaudium
415 1481 472 1501 cor
484 1474 558 1501 eius
572 1473 689 1500 incur·

157 1522 201 1548 rit
221 1541 689 1549 ...............................

226 1568 468 1595 ADMIRABATUR
485 1576 689 1598 QUAMPLURI-

154 1625 225 1643 11011
258 1616 295 1642 111
337 1617 408 1642 tam
452 1614 689 1641 inscrutabilis

155 1663 303 1690 visionis
334 1664 499 1696 aspectu..
514 1684 520 1689 .
533 1682 548 1688 ..

224 1756 397 1784 Itztelieoeii
412 1756 553 1784 tandem
567 1764 606 1783 ex
621 1755 690 1788 hoc,

154 1803 303 1832 Domino
324 1803 501 1835 revelante,
516 1803 606 1837 qaod
618 1802 690 1830 ideo

156 1851 357 1878 huiusmodi
388 1851 472 1878 visio
492 1850 542 1877 sic
572 1850 691 1877 divina

151 1897 372 1932 providentia
380 1896 690 1931 sztisfiieratprae-

154 1947 291 1973 sentata
300 1945 541 1979 conspectibus,
554 1945 592 1971 ut
601 1944 689 1971 ami-

154 2000 214 2020 cus
239 1990 370 2020 Christi
390 1993 637 2026 praenosceret
654 1999 689 2018 se

154 2047 228 2066 noti
249 2046 316 2073 per
334 2039 547 2072 martyrium
574 2037 690 2065 carnis

154 2086 213 2114 secl
234 2094 302 2120 per
335 2085 533 2113 incendium
564 2085 689 2112 mentis

156 2135 264 2161 totam
298 2133 333 2160 in
367 2131 496 2160 Christi
526 2132 688 2166 crucifixi

154 2180 423 2208 similitudinem
432 2179 690 2213 transforman-

156 2227 239 2254 (Ζιιιη
241 2247 433 2253 ......

226 2273 422 2308 Disparens
457 2274 572 2308 itaque
604 2274 689 2301 'visio

152 2320 352 2349 ‘mirabilem
383 2321 418 2349 in
447 2321 545 2349 corde
579 2321 689 2355 ipsius

155 2368 296 2402 reliquit
314 2367 483 2397 arciorem,
510 2367 571 2394 sed
597 2368 629 2394 et
652 2367 689 2394 in

156 2422 259 2442 carne
274 2422 344 2441 non
364 2415 480 2441 minus
492 2414 689 2441 mirabilem

158 2462 339 2495 signorum
382 2461 559 2495 Impressit
606 2461 685 2488 effi-

155 2509 256 2542 giem.
624 2531 627 2532 ⁷

226 2556 314 2583 Nam
347 2558 380 2583 et
411 2556 455 2583 ad
474 2556 688 2589 praemissae

155 2603 302 2630 visionis
336 2603 528 2630 contuitum
558 2603 604 2636 [la
636 2603 688 2630 Vi-

157 2650 252 2677 sione
265 2650 320 2676 del
333 2650 507 2677 crocifisso
523 2650 580 2677 nel
594 2649 689 2683 prin-

156 2697 244 2730 cipio
260 2696 351 2723 della
372 2703 434 2723 sua
449 2696 688 2730 conversione]

156 2743 345 2776 liquefacta
360 2745 411 2770 est
425 2743 543 2770 anima
557 2743 641 2776 eius7
656 2745 689 2770 et

156 2791 325 2818 memoria
346 2790 524 2824 passionis
559 2789 689 2818 Christi

157 2837 340 2865 visceribus
353 2837 464 2865 cordis
479 2838 589 2871 ipsius
604 2837 687 2865 adeo

154 2884 328 2918 impressa
361 2884 563 2911 medullitus
588 2886 627 2911 ut
659 2886 691 2911 et

157 2930 317 2964 crucifixi
327 2930 602 2964 Dominiplayas
611 2938 689 2958 ocu—

157 2977 199 3004 tis
221 2978 345 3005 mentis
359 2977 504 3005 intortus
517 2977 618 3011 quasi
627 2977 687 3011 ju-

156 3024 244 3058 gyiter
263 3027 413 3052 cerneret
426 3026 458 3052 et
470 3025 525 3052 vix
540 3025 689 3052 exterius

158 3079 178 3098 a
195 3071 397 3104 lacrwnosis
411 3071 593 3105 yemitibus
609 3079 688 3098 con-

157 3117 265 3145 tinere
290 3118 424 3145 valeret.

807 813 949 841 JACOBUS
960 823 1000 840 DE
1012 813 1191 845 VonAfflxE,
1204 821 1276 840 ser-

745 868 800 888 mo
820 862 889 888 3.us
909 861 961 889 De
985 860 1104 889 Sacris
1131 862 1276 895 stimma-

745 909 845 936 tibus.
868 907 1051 935 Sermones
1073 908 1114 935 de
1142 907 1278 935 Sanctis

744 955 912 985 Venetiis,
936 956 1012 987 1573,
1033 962 1108 988 pag.
1134 956 1195 983 386.

816 1050 827 1061 ‘·'
846 1049 1007 1083 Quinque
1030 1049 1125 1076 enim
1138 1050 1279 1076 fuerunt

746 1097 782 1123 in
804 1096 904 1124 corde
921 1097 995 1123 eius
1011 1104 1116 1123 causa
1137 1096 1278 1129 stigma-

744 1146 819 1171 tum
838 1144 874 1170 in
896 1144 970 1171 eins
993 1150 1142 1176 corpore.

823 1190 956 1218 PRIMUM
1000 1200 1072 1218 FUIT
1113 1199 1278 1217 VEHEMENS

745 1247 947 1265 IMAG1NAT10.
969 1237 1056 1275 (guod
1075 1238 1179 1264 autem
1201 1237 1277 1264 ima-

744 1285 867 1318 ginatio
900 1285 1062 1317 imprimat
1100 1285 1190 1317 patet
1221 1292 1277 1317 per

745 1333 805 1359 (1110
826 1332 980 1366 exempla5
996 1339 1073 1364 quae
1088 1332 1176 1364 ponit
1192 1331 1277 1358 Hier.

744 1379 777 1405 in
792 1379 897 1412 glossa
900 1398 993 1406 .....

815 1425 962 1454 Sanctus
978 1434 1056 1460 ergo
1073 1426 1278 1453 Franciscus

745 1474 782 1500 in
802 1474 939 1501 visione
961 1474 1027 1500 sibi
1047 1474 1138 1500 facta
1152 1473 1277 1506 imagi-

748 1521 897 1548 nabatur
930 1520 1105 1553 seraphim
1138 1520 1277 1547 crucifi-

746 1575 831 1595 xum
852 1570 884 1594 et
905 1570 975 1594 tam
995 1568 1093 1594 fortis
1108 1568 1278 1600 imagina—

746 1615 791 1642 tio
804 1615 924 1647 extitit,
937 1615 1027 1647 quod
1038 1614 1187 1641 vulnera
1200 1621 1279 1647 pas-

747 1662 854 1689 sionis
875 1662 912 1688 in
934 1669 1036 1689 carne
1053 1669 1115 1689 sua
1129 1662 1277 1694 impres-

746 1710 798 1736 sit.

817 1755 1018 1783 Secundum
1033 1756 1098 1783 fuit
1114 1765 1279 1783 vEHEmENs

746 1812 899 1835 D1anr1o,
933 1803 1024 1836 qnod
1057 1803 1150 1837 enim
1183 1810 1279 1830 amor

745 1850 851 1878 habet
870 1851 1036 1878 virtutem
1056 1850 1280 1883 imprimendi

747 1898 830 1925 dicit
851 1897 950 1931 Hugo
972 1898 1012 1925 de
1029 1899 1147 1924 sancto
1163 1897 1279 1925 Victo-

746 1952 797 1971 re:
819 1943 896 1972 Scio
927 1945 1045 1972 anima
1076 1951 1156 1971 mea
1187 1944 1279 1977 quod

748 1992 917 2024 quidquid
958 1992 1073 2025 diligis
1118 1991 1155 2018 in
1204 1992 1278 2018 eius

747 2039 1015 2066 similitudinem
1054 2039 1279 2066 transforma-

745 2086 801 2112 ris.
817 2085 906 2119 Quia
920 2086 1025 2119 igitur
1039 2093 1135 2112 amor
1147 2086 1278 2118 passio-

748 2133 803 2159 nis
846 2133 1051 2160 Dominieae
1095 2133 1132 2159 in
1178 2133 1278 2160 corde

746 2179 844 2207 Beati
865 2180 1040 2207 Francisei
1055 2180 1196 2207 ardebat
1211 2180 1278 2206 for-

747 2227 826 2254 titer
858 2229 890 2253 et
922 2227 1105 2259 ferventer,
1132 2227 1208 2254 ideo
1242 2227 1278 2253 in

747 2281 850 2301 carne
864 2281 927 2301 sua
935 2274 1086 2301 faciebat
1096 2274 1278 2301 mirabilia.

816 2320 968 2347 Tertium
1008 2321 1073 2348 fuit
1114 2330 1278 2348 vnnmfflxs

745 2377 932 2397 ADmmATIo,
965 2369 1045 2400 quod
1065 2368 1147 2394 enim
1179 2368 1277 2394 admi-

745 2415 829 2441 ratio
862 2415 1025 2448 imprimat
1057 2415 1199 2442 ostendit
1219 2415 1277 2441 Au-

745 2462 891 2494 gustinus
951 2462 1062 2489 eontra
1115 2462 1279 2488 sulianum

744 2509 900 2535 adducens
951 2509 1126 2541 exemplum
1176 2509 1279 2535 ovium

746 2556 850 2590 Iacob,
880 2556 961 2587 quod
990 2563 1029 2582 ex
1061 2556 1192 2587 quadam
1225 2556 1278 2581 ad-

746 2602 915 2629 miratione
963 2603 1121 2635 virgarum
1172 2603 1279 2629 foetus

745 2649 849 2676 varios
870 2649 1104 2682 concipiebant.
1129 2649 1279 2677 Videbat

746 2698 866 2723 autem
882 2696 1088 2723 Franciscus
1104 2696 1280 2729 seraphim

746 2743 955 2770 crucifixum
985 2746 1017 2771 et
1049 2744 1278 2771 admiratione

744 2792 777 2817 et
798 2792 935 2823 stupore
956 2791 1162 2823 replebatur.

817 2837 987 2871 Quartum
1000 2838 1065 2864 fuit
1084 2837 1278 2865 vehemens

744 2885 940 2911 meditatio:
962 2885 1053 2917 quod
1073 2887 1189 2911 autem
1204 2892 1277 2912 nie-

746 2931 865 2958 ditatio
886 2931 1064 2964 imprimat
1097 2932 1277 2959 sufficien-

745 2980 796 3004 ter
815 2980 949 3010 patet...
965 2978 1071 3005 Istam
1084 2969 1279 3005 meditatio-

746 3031 825 3051 nem
847 3024 967 3051 habuit
989 3025 1202 3053 Franciscus.
1221 3026 1279 3057 qni

748 3070 874 3098 Christi
895 3072 1095 3104 passionem
1126 3072 1278 3104 quotidie

748 3118 907 3145 meditari
919 3125 988 3145 non
1002 3119 1160 3145 cessavit.
1170 3119 1279 3152 Quin-

1399 814 1582 842 UBERTINUS
1595 824 1635 841 DE
1651 813 1778 841 CASAIA.
1793 815 1862 842 Ar-

1329 862 1389 889 bor
1406 862 1472 889 vito
1493 862 1658 896 oruoifioee
1685 862 1704 888 l.
1731 870 1761 888 v.
1790 869 1862 894 cap.

1329 908 1384 940 IV,
1416 908 1538 942 (Jesus
1567 909 1695 943 seraph
1728 909 1860 942 alatus)

1330 955 1386 982 fol.
1406 957 1458 982 216
1478 956 1533 983 vb.

1401 1049 1413 1061 “
1427 1049 1549 1083 Erupit
1560 1052 1676 1077 antem
1690 1050 1781 1083 ignis
1794 1051 1862 1083 spi-

1329 1097 1416 1124 ritus
1457 1097 1569 1124 sancti
1608 1098 1644 1123 in
1682 1097 1861 1133 lampades

1328 1144 1556 1171 flammarum
1588 1151 1649 1178 per
1689 1144 1861 1171 fenestras

1328 1191 1515 1218 vulnerunl
1551 1201 1681 1219 VIRTUTE
1706 1201 1863 1219 IMAGINA-

1329 1247 1430 1265 '1¹10le
1450 1247 1610 1271 PREDICTE,
1639 1248 1774 1266 VIRTUTE
1803 1247 1864 1264 AD—

1327 1295 1511 1312 MIRATIONIS
1553 1294 1742 1313 PROMOTIVE.

1328 1342 1410 1360 TUTE
1430 1341 1624 1360 DILECTIONIS
1654 1334 1725 1359 tan]
1757 1339 1863 1366 appa-

1328 1381 1437 1407 rentis
1458 1380 1536 1407 Iesu
1551 1387 1655 1412 quam
1668 1379 1862 1412 suscipien—

1329 1428 1371 1454 tis
1393 1427 1568 1454 Francisci
1588 1427 1786 1461 perfective.

1400 1474 1473 1500 Nam
1495 1474 1661 1500 secundum
1682 1473 1789 1499 mundi
1815 1480 1862 1499 sa-

1330 1522 1462 1555 1)ientes‚
1490 1521 1664 1554 imaginata
1687 1520 1863 1547 fortissime

1331 1568 1489 1601 contingit
1532 1568 1564 1594 in
1605 1569 1636 1594 te
1668 1568 1862 1594 acciderunt.

1334 1615 1484 1647 Sequitur
1504 1615 1586 1641 enim
1601 1622 1713 1647 00111115
1727 1614 1862 1640 animam

1329 1664 1362 1689 111
1381 1662 1560 1689 actionibus
1581 1662 1657 1688 suis·
1674 1661 1715 1689 Et
1735 1662 1862 1688 idcirco

1330 1719 1488 1737 CONTINUA
1520 1718 1712 1736 IMAGINATIO
1734 1708 1863 1736 CHRISTI

1329 1766 1492 1789 PAssroms,
1526 1765 1613 1791 quae
1638 1765 1659 1784 a
1686 1757 1862 1790 principio

1324 1804 1398 1838 fu-it
1417 1805 1454 1832 in
1474 1804 1571 1832 corde
1591 1803 1773 1831 Francisri
1799 1803 1862 1830 fuit

1329 1858 1456 1884 magna
1471 1851 1649 1884 dispositio
1664 1853 1701 1877 ut
1715 1850 1758 1877 ad
1773 1849 1863 1877 hanc

1330 1898 1526 1925 realitatem
1551 1898 1696 1925 veniret.
1717 1897 1810 1925 IVam
1833 1899 1864 1925 et

1331 1947 1422 1973 circa
1443 1946 1673 1973 conversionis
1702 1953 1761 1973 sue
1783 1945 1861 1979 pri-

1331 1993 1468 2020 mordia
1501 1993 1670 2027 apparuit
1702 1993 1732 2020 oi
1758 1991 1863 2019 Jeszts

1329 2041 1421 2068 velat
1441 2039 1630 2074 crucifixas
1652 2042 1681 2067 et
1695 2040 1863 2067 memoria

1324 2087 1505 2122 passionis
1553 2087 1625 2114 eins
1677 2086 1864 2114 visceribus

1330 2134 1442 2162 cordis
1462 2133 1534 2161 eius
1556 2133 1638 2161 adeo
1654 2135 1704 2161 est
1719 2134 1863 2167 impres-

1328 2189 1369 2208 sa
1395 2180 1604 2213 medziilitzis,
1625 2182 1664 2208 ut
1690 2182 1721 2208 et
1734 2179 1863 2215 plagas

1331 2228 1445 2256 dilecti
1477 2226 1565 2255 ‹Jesu
1599 2227 1705 2255 oculis
1737 2227 1863 2254 ‘mentis

1333 2275 1434 2309 quasi
1442 2275 1573 2309 jugytter
1587 2277 1738 2302 cerneret
1757 2276 1786 2302 et
1806 2275 1863 2301 vix

1329 2322 1479 2350 exterius
1494 2330 1515 2349 a
1536 2321 1741 2355 laem-mosis
1755 2322 1861 2355 yemi-

1330 2370 1418 2397 tibus
1440 2369 1611 2396 continere
1631 2369 1766 2396 valeret.

1400 2415 1512 2448 Hujus
1534 2415 1708 2448 passionis
1723 2415 1861 2442 inhabi-

1329 2463 1434 2490 tantis
1455 2462 1546 2489 intra
1575 2464 1729 2489 mentem
1755 2462 1862 2488 Fran-

1330 2510 1414 2537 cisci
1424 2510 1565 2536 fuerunt
1578 2509 1710 2536 indicia
1724 2509 1864 2536 oracula

1330 2557 1453 2584 celitus
1483 2556 1583 2589 facta,
1604 2558 1675 2583 tam
1704 2556 1739 2582 in
1759 2556 1862 2590 pala-

1331 2605 1380 2632 oio
1402 2612 1479 2631 oum
1501 2604 1611 2631 armis
1632 2611 1729 2631 cruce
1744 2604 1863 2637 sigma-

1330 2652 1373 2679 tis
1406 2650 1496 2684 quod
1526 2651 1598 2685 ipse
1632 2650 1725 2683 vidit,
1760 2657 1863 2682 quani

1330 2698 1406 2730 ipsa
1436 2697 1606 2730 apparitio
1634 2704 1738 2729 qnam
1769 2704 1862 2724 nnnc

1331 2745 1483 2771 dixiinus
1505 2744 1571 2771 sibi
1598 2744 1735 2776 factam,
1757 2752 1863 2778 quam

1330 2792 1415 2819 vidit
1430 2791 1547 2825 stater
1565 2790 1728 2819 silvester
1747 2800 1786 2819 ex
1800 2799 1861 2818 sno

1330 2847 1385 2866 ore
1392 2839 1633 2872 procedentem
1645 2840 1677 2865 et
1692 2845 1775 2865 crux
1790 2838 1863 2871 gla-

1330 2885 1431 2912 diolis
1452 2892 1557 2917 quam
1579 2892 1676 2912 sacer
1689 2885 1774 2913 vidit
1792 2885 1863 2912 Pa-

1330 2932 1450 2966 cificas
1471 2933 1607 2959 Viscera
1634 2940 1696 2959 sna
1722 2932 1863 2959 transfi-

1329 2986 1408 3012 gere
1430 2981 1462 3006 et
1481 2979 1592 3006 forma
1613 2980 1723 3006 crucis
1744 2979 1780 3005 in
1802 2986 1863 3006 sna

1331 3026 1526 3053 elevatione
1556 3027 1592 3053 in
1613 3033 1700 3053 aere.
1722 3033 1801 3053 011111
1822 3026 1862 3052 de

1330 3073 1429 3100 titulo
1469 3073 1581 3099 0111015
1622 3073 1862 3100 sanctissimus

1326 3120 1528 3154 predicator
1560 3121 1713 3148 imitator
1745 3119 1861 3148 Fran-

1790 1294 1862 1312 VIR—
