2325 3552
660 151 929 210 UBERTINO
959 174 1032 208 DA
1061 173 1267 209 OAsALE
1302 173 1409 209 Eoo.

1816 175 1884 208 245

183 330 349 369 biscum
392 328 745 377 misericordiam,
793 340 880 366 non
927 330 1104 378 propter
1147 339 1225 365 nos
1271 326 1372 377 quia
1415 326 1532 376 digni
1580 338 1726 364 sumus
1771 326 1885 364 omni

181 395 307 443 malo,
338 393 416 433 sed
443 396 621 445 propter
649 405 807 432 nomen
827 396 947 431 tuum
969 404 1173 443 magnum
1195 391 1309 442 quod
1327 391 1537 442 pollutum
1562 394 1628 430 est
1647 391 1760 429 inter
1780 403 1885 441 gen-

145 469 147 473 ·
179 462 247 498 tes
280 462 322 498 et
349 461 527 510 propter
546 458 679 498 vitam
701 460 819 496 tuam
840 457 1159 496 sanctissimam
1179 468 1262 507 que
1284 456 1502 495 mendatio
1524 456 1884 506 transgressionis

180 527 327 563 nostre
350 523 593 563 ostenditur
612 523 771 561 mundo
801 523 974 574 leprosa
1005 525 1047 560 et
1076 521 1393 573 improperatur
1424 521 1608 560 ecclesie
1639 523 1711 559 tue
1734 524 1883 559 sancte

181 588 296 639 quod
333 589 423 628 Vita
451 592 528 628 tua
556 600 643 627 non
683 590 864 639 apparet
892 587 936 625 in
976 599 1039 625 ea.
1079 586 1373 638 Expectamus
1410 598 1510 637 ergo
1546 585 1884 625 misericordiam

179 657 310 703 tuam,
332 666 461 705 quam
480 654 742 693 festinanter
760 653 932 692 mittere
954 652 1157 703 digneris,
1179 652 1291 691 sicut
1310 652 1481 691 locutus
1505 664 1550 690 es
1572 651 1626 690 ad
1641 654 1788 702 patres
1809 663 1884 689 no—

178 722 292 759 stros
325 722 368 758 et
398 719 511 758 sicut
539 719 673 758 locuti
695 721 795 757 sunt
814 718 941 768 hujus
964 717 1105 758 sancti
1128 717 1289 756 ordinis
1310 717 1385 765 tui,
1406 717 1510 756 licet
1542 716 1747 755 maculati
1767 719 1884 755 tran-

179 796 453 835 sgressorum
481 783 672 833 infamia,
702 783 913 835 prophete
944 782 1110 834 priores
1147 782 1220 833 (1),
1261 781 1333 832 qui
1365 784 1408 820 et
1436 781 1550 820 mala
1585 793 1667 832 que
1697 780 1886 832 patimur

178 848 472 900 predixerunt,
505 851 548 887 et
567 848 933 887 resurrectionem
963 847 1023 898 (2)
1055 859 1183 898 quam
1211 846 1398 898 petimus
1419 846 1721 897 promiserunt.
1743 845 1884 884 Locu-

178 916 248 952 tus
271 926 365 952 sum
402 925 504 964 ergo
524 913 709 964 insipide
732 912 784 951 de
806 912 1059 952 vulneribus
1082 911 1223 950 sancti
1242 911 1317 960 tui,
1340 923 1421 962 que
1454 910 1666 962 apparitio
1688 913 1762 949 tua
1781 910 1883 961 piis-

178 978 285 1017 sime
307 978 417 1017 Jesu
439 978 659 1027 crucifixe,
691 978 860 1029 corpori
881 990 1003 1017 sacro
1026 976 1256 1028 impressit.
1289 976 1376 1016 Sed
1407 979 1449 1015 et
1477 988 1591 1014 nunc
1621 975 1884 1026 loquendum

178 1046 316 1082 restat
336 1043 387 1082 de
409 1043 701 1093 inchoatione,
724 1055 851 1094 quam
871 1042 1016 1081 fecisti
1036 1042 1079 1080 in
1108 1042 1190 1080 hoc
1222 1041 1514 1080 sacratissimo
1546 1043 1705 1085 monte,
1725 1040 1769 1078 in
1791 1040 1883 1078 eius

176 1111 299 1160 parte
324 1109 491 1148 scilicet
513 1108 785 1157 occidentali,
802 1120 927 1146 mane
946 1108 990 1146 in
1007 1119 1162 1146 aurora
1179 1107 1294 1146 circa
1309 1106 1470 1145 festum
1488 1106 1762 1144 exaltationis
1785 1117 1883 1144 san-

179 1176 246 1212 cte
270 1174 422 1223 crucis,
446 1174 500 1212 ad
520 1174 701 1225 gloriam
721 1173 856 1225 patris
877 1173 1013 1212 nostri
1036 1176 1078 1211 et
1099 1172 1153 1211 ad
1183 1172 1559 1211 confirmationem
1589 1174 1727 1210 status
1751 1183 1882 1209 evan-

177 1238 319 1289 gelici,
340 1239 627 1278 imitationem
649 1239 708 1290 (3)
731 1239 969 1278 solemnem
990 1237 1206 1289 generalis
1228 1237 1345 1275 tertii
1376 1239 1515 1275 status
1538 1236 1685 1275 mundi
1706 1236 1778 1286 qui
1809 1248 1882 1287 ap-

176 1304 442 1355 proprietate
467 1300 482 1352 [
499 1304 773 1355 appropriate
791 1308 806 1360 ]
831 1303 1078 1342 attribuitur
1094 1302 1262 1354 spiritui
1279 1305 1430 1341 sancto
1448 1302 1521 1352 (4).
1544 1301 1654 1340 Nam
1673 1301 1773 1360 quia
1787 1302 1880 1352 ipse

178 1368 353 1419 spiritus
376 1372 554 1408 sanctus
577 1381 696 1407 amor
718 1372 784 1407 est
814 1368 867 1407 ad
896 1367 1160 1407 iniciantium
1191 1367 1282 1406 eius
1319 1370 1478 1406 statum
1509 1366 1568 1417 (5)
1600 1366 1672 1417 qui
1701 1369 1817 1404 totus
1839 1366 1881 1403 in

177 1433 404 1485 seraphico
436 1446 580 1473 amore
612 1434 886 1477 flammescit,
917 1433 1044 1484 digne
1076 1433 1258 1471 formam
1288 1432 1560 1483 serapliicam
1595 1431 1881 1482 assumpsisti,

177 1498 277 1548 quia
297 1501 413 1537 totus
437 1498 563 1537 ardor
584 1499 759 1550 spiritus
782 1499 923 1537 sancti
944 1497 1255 1536 diffundendus
1276 1498 1319 1535 in
1343 1501 1540 1536 eternum
1562 1508 1692 1547 super
1713 1499 1881 1534 creatu—

175 1575 266 1601 ram
295 1563 540 1613 humanam,
563 1564 614 1602 de
638 1564 789 1602 ardore
811 1566 884 1602 tue
917 1563 1056 1603 crucis
1089 1566 1131 1601 et
1161 1563 1212 1601 de
1243 1562 1306 1601 tui
1326 1561 1690 1601 immensurabilis
1723 1561 1880 1599 amoris

175 1628 314 1679 plagis
334 1631 376 1667 et
395 1641 482 1668 non
504 1629 676 1667 aliunde
699 1632 857 1667 manat.
880 1628 981 1667 Ideo
1003 1629 1116 1666 inter
1136 1628 1226 1666 alas
1250 1627 1499 1679 splendidas
1522 1629 1564 1665 et
1580 1626 1739 1677 ignitas
1763 1638 1880 1664 sera-

175 1693 302 1744 phice
335 1694 617 1745 apparitionis
648 1697 765 1732 tuam
798 1693 1125 1732 crucifixionem
1156 1692 1358 1743 dignatus
1390 1704 1435 1731 es
1475 1691 1786 1739 demonstrare,
1827 1690 1881 1729 ad

176 1764 495 1803 ostendendum
517 1765 631 1816 quod
650 1765 733 1804 iste
756 1768 895 1804 status
918 1765 1093 1816 spiritus
1116 1764 1257 1803 sancti
1278 1763 1551 1802 abundanter
1570 1763 1614 1801 in
1635 1762 1716 1801 hoc
1739 1761 1879 1801 consi-

176 1829 251 1867 stit
272 1829 386 1880 quod
406 1830 469 1869 tui
489 1830 676 1881 perfecti
695 1830 775 1868 filii
795 1842 877 1869 nec
899 1830 985 1869 sint
1005 1842 1086 1868 nec
1111 1829 1302 1883 sentiant
1321 1841 1403 1867 nec
1426 1828 1616 1866 exterius
1648 1826 1881 1866 ostendant

176 1894 258 1933 nisi
279 1897 320 1933 te
338 1894 365 1933 J
371 1907 491 1934 esum
511 1908 589 1947 per
606 1895 803 1934 ardorem
826 1895 1001 1946 spiritus
1024 1894 1165 1933 sancti
1179 1906 1256 1945 pro
1277 1893 1465 1944 indignis
1488 1892 1686 1932 omnibus
1708 1891 1879 1931 crucifi-

175 1971 288 1998 xum.
310 1959 365 1998 Et
385 1959 545 1999 idcirco
575 1960 619 1998 in
649 1960 785 1999 latere
816 1960 974 1999 montis
1015 1959 1287 2007 occidentali,
1318 1970 1458 2005 mane,
1487 1960 1535 1996 ut
1566 1958 1627 1996 eis
1659 1957 1881 1996 occidatur

176 2035 301 2062 omne
322 2025 541 2076 proprium
563 2028 606 2064 et
627 2025 682 2064 sit
701 2025 745 2063 in
767 2025 828 2064 eis
850 2025 977 2076 plene
998 2025 1131 2063 totius
1153 2023 1301 2062 mundi
1330 2035 1512 2063 occasus
1535 2026 1577 2061 et
1597 2022 1879 2061 transforma-

173 2088 303 2128 tionis
333 2090 421 2129 Vite
452 2090 789 2141 gloriosissimus
812 2093 854 2128 et
874 2103 1012 2129 novus
1044 2093 1175 2128 ortus.
1198 2089 1253 2128 Et
1274 2089 1375 2139 quia
1402 2088 1485 2127 hoc
1505 2088 1557 2126 fit
1575 2100 1653 2139 per
1683 2087 1879 2139 spiritum

173 2155 444 2206 paupertatis
467 2168 549 2206 que
572 2156 731 2195 sterilis
755 2158 822 2195 est
837 2155 1022 2194 terrenis
1046 2158 1088 2193 et
1107 2154 1297 2194 fecunda
1327 2153 1562 2193 celestibus
1584 2166 1609 2191 a
1629 2156 1743 2191 terre
1764 2152 1876 2191 valle

175 2219 369 2259 sublimis
393 2223 435 2259 et
456 2224 659 2272 separata
676 2233 700 2259 a
721 2221 907 2272 strepitu
922 2220 1250 2268 mundanorum,
1266 2219 1427 2258 idcirco
1443 2219 1583 2258 virum
1600 2217 1878 2269 seraphican-

174 2283 274 2323 dum
296 2285 574 2325 Franciscum
597 2286 757 2325 duxisti
779 2286 833 2324 ad
855 2286 1076 2325 excelsum
1097 2288 1287 2324 montem
1309 2284 1547 2323 solitarium
1570 2286 1613 2322 et
1633 2283 1878 2322 silvestrem

175 2352 218 2388 et
239 2354 534 2402 separatum-„a
552 2351 720 2390 -mundo
753 2354 796 2390 et
826 2351 1024 2390 omnibus
1054 2350 1201 2389 mundi
1230 2349 1591 2389 delectationibus
1623 2348 1813 2387 sterilem
1836 2350 1878 2386 et

173 2415 400 2466 privatum.
418 2416 473 2455 Et
488 2417 591 2455 licet
605 2417 764 2467 ubique
781 2417 887 2455 felix
903 2417 985 2456 iste
1002 2429 1125 2455 mons
1144 2416 1199 2455 sit
1213 2414 1525 2467 temporalibus
1543 2414 1715 2462 sterilis,
1731 2416 1876 2452 tamen

173 2480 217 2518 in
237 2480 447 2533 illa'parte
470 2494 599 2532 quam
619 2485 694 2521 tua
711 2482 980 2534 apparitione
999 2482 1201 2533 dignatus
1221 2493 1266 2520 es
1285 2492 1541 2520 consecrare
1561 2482 1653 2518 erat
1674 2479 1767 2518 saxi
1788 2491 1876 2517 ma-

173 2546 246 2596 gni
277 2546 506 2586 eminentis
539 2550 582 2586 et
612 2548 688 2586 alti
715 2551 981 2599 preruptum,
1002 2547 1076 2586 ubi
1104 2547 1211 2584 nihil
1241 2545 1509 2585 comestibile
1540 2545 1735 2584 nascitur
1757 2547 1799 2582 et
1818 2543 1877 2582 ibi

173 2611 442 2650 consecrasti
471 2611 752 2651 Franciscum
780 2615 828 2651 ut
856 2612 1133 2664 presignares
1165 2614 1325 2650 statum
1354 2610 1486 2649 istum
1516 2612 1722 2661 superte,
1743 2608 1876 2647 bene-

173 2675 286 2714 dicte
335 2675 363 2714 J
368 2688 457 2724 esu,
487 2679 655 2727 petram
700 2677 899 2716 stabilem
944 2676 1227 2716 constitutum
1267 2678 1309 2714 et
1348 2675 1401 2714 ab
1432 2675 1534 2713 onni
1582 2674 1665 2712 alia
1704 2686 1779 2725 spe
1820 2674 1875 2724 (2)

315 2854 360 2887 (1)
383 2853 418 2881 Si
432 2854 549 2881 allude
571 2854 603 2880 ai
623 2854 727 2887 primi
748 2854 932 2888 compagni
953 2854 986 2881 di
1007 2854 1038 2882 S.
1054 2854 1254 2886 Francesco,
1269 2853 1384 2886 specie
1400 2853 1433 2880 al
1447 2852 1483 2880 B.
1499 2852 1672 2880 Giovanni
1687 2852 1731 2879 da
1745 2851 1876 2878 Parma.

317 2901 361 2933 (2)
384 2900 419 2928 Si
440 2901 590 2934 esprime
610 2901 645 2928 la
664 2902 900 2935 persuasione,
921 2902 973 2928 fra
992 2901 1040 2935 gli
1061 2900 1248 2934 spirituali.
1270 2900 1362 2927 della
1381 2900 1620 2927 resurrezione
1642 2899 1732 2926 della
1760 2898 1875 2931 regola

172 2949 209 2976 in
237 2949 437 2976 ear-nalibus
462 2951 610 2977 mortua.

318 2996 361 3029 (3)
382 2995 478 3022 Deve
499 2995 650 3029 leggersi
671 2996 911 3024 initiationem.

316 3042 361 3076 (4)
377 3042 520 3069 Ritorna
539 3043 642 3070 l'idea
663 3042 755 3070 della
773 3043 981 3070 fondazione
1003 3043 1057 3070 de]
1080 3044 1173 3071 terzo
1195 3044 1282 3069 stato
1297 3042 1366 3069 alla
1380 3041 1505 3069 Verna.

319 3096 364 3130 (5)
386 3095 522 3123 Ancora
541 3095 573 3123 ]o
595 3098 704 3123 stesso
726 3098 891 3123 concettO.
