2325 3552
763 252 1071 289 ALVERNINA
1103 252 1265 287 VARIA
1789 252 1861 287 387

175 430 190 446 <a
206 413 330 449 tribus
359 424 408 448 ex
436 412 615 448 novitate
646 418 684 448 et
713 412 984 448 admiratione
1014 412 1269 459 paventibus,
1303 411 1436 459 inquit
1466 402 1532 447 ille
1571 411 1707 448 Frater
1746 423 1868 448 senex

176 495 189 511 ε(
207 478 373 515 forensis
403 477 504 513 dixit
537 476 646 526 (sic):
682 477 777 513 Non
807 477 1002 513 dubitetis
1032 477 1188 513 Fratres
1223 477 1302 513 mei
1333 476 1568 521 charissimi,
1592 478 1663 513 sed
1684 477 1865 525 aliquan-

181 560 189 575 ἐ
205 544 333 579 tulum
362 543 501 579 audite
531 555 608 578 me.
642 542 727 590 Ego
759 554 845 578 sum
876 542 1014 578 Frater
1044 542 1298 586 Franciscus,
1323 542 1391 590 qui
1420 547 1498 578 tres
1529 541 1703 578 Ordines
1724 553 1866 578 secun-

178 609 300 644 1<dum
330 608 407 644 Dei
436 608 685 644 voluntatem
716 607 892 651 institu13
927 613 966 643 et
996 619 1087 643 cum
1126 607 1200 643 sim
1236 613 1398 655 rogatus
1437 607 1621 655 quotidie
1663 619 1733 655 per
1772 613 1863 644 octo

174 685 331 710 «annos
360 674 410 709 ab
432 674 508 710 isto
539 673 676 709 Fratre
705 673 774 721 qui
804 673 928 720 pedes
958 684 1069 709 meos
1100 678 1224 717 tenet,
1248 673 1372 709 hodie
1402 673 1573 709 maxime
1593 679 1756 720 rogatus
1777 685 1863 709 sum

173 755 188 772 «
204 740 243 775 in
273 739 443 775 ecclesia
471 744 562 787 post
593 739 746 782 laudes,
780 750 879 786 quas
896 738 1109 774 reddidisti
1132 739 1299 783 ibidem,
1324 745 1367 774 ut
1389 739 1464 774 sibi
1481 739 1660 774 revelare
1680 739 1866 785 dignarer

177 822 187 836 f:
203 805 271 841 illa
299 804 474 840 archana
503 804 635 847 verba,
668 816 690 840 a
718 804 869 852 Seraph
899 804 998 839 mihi
1029 804 1152 848 dieta,
1186 816 1264 852 que
1294 804 1393 839 nulli
1423 804 1633 840 hominum
1654 803 1737 839 dixi
1767 804 1863 839 dum

179 892 186 901 a
204 869 393 913 viverem,
426 869 497 905 sed
528 869 578 904 de
608 869 816 905 voluntate
846 875 885 904 et
915 869 1108 904 mandato
1139 868 1292 913 divino,
1326 881 1435 905 nunc
1465 869 1517 904 ad
1546 881 1617 905 vos
1638 869 1797 912 missus⁷
1821 875 1865 904 ut

179 935 277 971 -sibi
308 946 441 970 coram
470 935 585 970 vobis
614 935 747 970 dicam
777 934 887 982 quod
917 934 1029 982 petit.
1064 934 1173 970 Scias
1194 946 1286 981 ergo
1308 934 1445 970 Frater
1475 934 1720 978 charissime,
1754 934 1863 982 quod

177 1017 181 1026 2
204 1012 293 1036 cum
314 1011 442 1036 essem
463 1000 502 1035 in
524 1006 661 1036 monte
684 1000 875 1043 Alverno,
900 1000 951 1035 ob
974 1011 1153 1035 amorem
1183 999 1383 1047 passionis
1413 999 1562 1036 Christi
1592 1005 1700 1035 totus
1728 999 1864 1035 absor-

178 1071 278 1110 -tus,
311 1071 350 1100 et
379 1077 402 1101 a
432 1064 536 1100 Filio
566 1064 643 1100 Dei
672 1077 743 1101 sua
773 1076 883 1101 sacra
912 1064 1105 1111 Stigmata
1134 1065 1282 1112 recepi.
1315 1064 1411 1100 Post
1441 1064 1633 1112 impressa
1671 1064 1864 1111 Stigmata

178 1146 186 1163 ι;
204 1130 304 1166 dixit
332 1130 450 1175 mihi;
485 1130 586 1166 scias
617 1130 715 1178 quid
745 1130 908 1166 fecerim
938 1130 1024 1165 tibi.
1069 1130 1154 1177 Ego
1186 1129 1282 1165 dedi
1322 1130 1396 1165 tibi
1425 1129 1623 1177 Stigmata
1651 1141 1739 1165 mea
1769 1130 1864 1166 insi-

171 1212 186 1228 r<
201 1196 325 1243 gnita,
359 1201 402 1231 ut
431 1195 625 1232 vexillifer
653 1208 766 1232 meus
797 1196 960 1232 effectus
992 1197 1056 1232 sis.
1092 1195 1141 1231 Et
1172 1195 1274 1231 sicut
1304 1207 1378 1243 ego
1410 1195 1450 1230 in
1472 1196 1538 1231 die
1567 1195 1757 1231 transitus
1786 1195 1863 1231 mei

172 1277 186 1294 x<
201 1262 254 1297 ad
292 1261 438 1297 limbus
476 1261 640 1305 accessi,
683 1267 722 1297 et
759 1261 912 1297 meritis
950 1273 996 1297 ac
1035 1261 1180 1297 virtute
1221 1261 1389 1297 istorum
1431 1261 1677 1308 stigmatum,
1723 1272 1864 1297 omnes

179 1326 355 1362 <animas
386 1338 485 1374 quas
515 1327 568 1362 ibi
600 1326 735 1362 iuveni
767 1326 933 1371 extraxi,
967 1327 1023 1362 sic
1054 1327 1175 1362 etiam
1203 1332 1259 1371 tu,
1294 1332 1337 1361 ut
1367 1326 1419 1361 sis
1450 1325 1548 1361 mihi
1578 1326 1795 1362 conformis
1824 1326 1864 1361 in

178 1407 186 1423 <
204 1397 345 1436 morte,
379 1392 482 1427 sicut
512 1403 553 1427 es
582 1392 623 1426 111
653 1391 747 1435 vita,
780 1392 904 1427 vadas
936 1392 987 1427 ad
1017 1391 1293 1439 purgatorium
1323 1391 1505 1439 quolibet
1542 1403 1649 1427 anno
1690 1390 1863 1427 natalitii

175 1472 184 1489 2<
203 1457 260 1493 tui
289 1463 328 1493 et
358 1469 498 1492 omnes
527 1457 681 1493 animas
711 1457 832 1493 trium
862 1456 1063 1493 Ordinum
1092 1463 1267 1500 tuorum,
1306 1457 1460 1492 scilicet
1490 1456 1713 1501 Minorum,
1746 1456 1863 1493 Soro-

176 1534 288 1558 zrum
318 1528 453 1558 sancte
484 1521 616 1566 Clare,
660 1528 698 1558 et
737 1521 1057 1566 Continentium,
1101 1534 1199 1569 quas
1238 1522 1293 1557 ibi
1333 1522 1528 1565 invenies,
1572 1522 1611 1557 in
1641 1522 1786 1557 virtute
1826 1528 1864 1557 et

178 1610 185 1619 --
204 1587 380 1623 efficacia
409 1587 576 1623 istorum
607 1587 837 1634 stigmatum
859 1599 974 1623 eruas
996 1594 1034 1623 et
1054 1587 1106 1623 ad
1126 1587 1295 1634 gloriam
1316 1588 1514 1635 perducas
1536 1586 1731 1623 Paradisi.
1776 1586 1865 1623 Hec

171 1658 336 1689 <autem
366 1653 488 1689 verba
516 1653 668 1689 nemini
698 1653 780 1688 dixi
811 1653 907 1688 dum
937 1653 1126 1697 viverem,
1168 1665 1217 1689 ne
1248 1653 1434 1689 iactantis
1473 1653 1788 1701 presumptionis
1826 1658 1865 1688 et

175 1734 186 1749 »ε
202 1717 333 1754 inanis
362 1718 487 1766 glorie
508 1718 723 1754 videretur.
751 1718 801 1754 Et
823 1730 1078 1766 quacumque
1099 1718 1165 1754 die
1187 1724 1280 1754 ante
1311 1718 1418 1754 diem
1446 1717 1619 1754 natalitii
1657 1718 1715 1753 tui
1754 1717 1865 1753 obie-

170 1798 185 1815 4;<
200 1783 263 1828 rit,
296 1783 417 1819 etiam
447 1783 487 1819 in
505 1783 653 1830 vigilia,
686 1783 727 1819 in
758 1783 974 1819 crastinum
1004 1784 1163 1831 eripias,
1197 1790 1235 1819 et
1263 1783 1315 1819 ad
1335 1783 1483 1831 gaudia
1512 1783 1688 1831 paradisi
1718 1783 1864 1831 perdu-

178 1860 282 1885 <cas.
325 1848 485 1894 Quibus
527 1849 644 1885 dictis
684 1849 817 1885 statim
847 1849 1057 1897 disparuit.
1100 1849 1245 1885 Lector
1283 1860 1474 1885 romanus
1514 1848 1650 1884 Frater
1688 1847 1865 1897 Jacobus

170 1929 185 1946 41<
202 1914 378 1950 Banetus
406 1914 629 1962 predicavit
658 1914 736 1950 hoc
774 1926 815 1950 se
854 1915 903 1950 ab
934 1926 1016 1950 uno
1046 1914 1248 1950 audivisse
1279 1915 1329 1950 de
1358 1914 1548 1962 predictis
1588 1920 1680 1950 octo
1721 1913 1865 1949 Fratri-

176 1995 186 2011 ,<
203 1979 291 2015 bus.
326 1979 391 2015 Ad
422 1980 584 2015 laudem
614 1986 652 2015 et
671 1980 839 2027 gloriam
870 1986 908 2015 et
929 1980 1126 2015 honorem
1148 1980 1314 2015 Domini
1344 1980 1469 2015 nostri
1499 1965 1769 2028 Jesu¹Christi
1788 1977 1860 2028 (1).

250 2125 266 2142 «
283 2109 504 2155 Quomodo
525 2111 666 2147 beatus
696 2110 932 2147 Franciscus
953 2117 1011 2147 est
1032 2116 1237 2159 protector
1256 2122 1327 2159 per
1356 2110 1509 2146 donum
1540 2122 1741 2146 sacrorum
1771 2110 1864 2157 stig-

172 2190 186 2207 «
204 2181 355 2211 matum
385 2176 564 2211 omnium
595 2188 757 2212 suorum
788 2175 952 2212 Ordinis
991 2176 1275 2224 professorum.

250 2305 402 2342 «Anno
433 2306 633 2355 siquidem
664 2307 831 2342 Domini
861 2307 918 2343 M.
951 2307 1120 2356 cccxliij,
1154 2319 1243 2342 cum
1279 2318 1399 2342 causa
1428 2306 1667 2342 visitationis
1709 2317 1864 2342 sacrum

172 2371 338 2407 «locum
378 2371 526 2408 montis
566 2372 739 2408 Alverne
777 2373 1017 2416 accederun,
1061 2372 1163 2408 inter
1202 2377 1333 2408 cetera
1376 2383 1454 2420 que
1499 2372 1549 2407 de
1593 2371 1700 2407 beati
1741 2371 1864 2419 patris

173 2436 453 2473 «mirabilibus
474 2437 613 2482 didici,
638 2438 775 2474 audivi
797 2450 819 2473 a
849 2438 1026 2486 quodam
1057 2437 1276 2473 venerabili
1307 2449 1416 2481 sene,
1450 2437 1533 2484 qui,
1567 2442 1609 2472 ut
1639 2436 1860 2482 dicebatur,

176 2518 191 2533 -:<
208 2507 302 2538 tunc
331 2503 475 2550 agebat
505 2502 619 2539 CXV
658 2503 773 2539 etatis
803 2515 873 2539 sue
912 2515 1076 2547 annum,
1120 2508 1486 2550 contemporaneus
1524 2513 1700 2549 namque
1737 2501 1865 2538 fuerat

262 2684 308 2722 (Ι)
340 2683 528 2722 Speculum
554 2685 622 2713 vite
646 2684 736 2713 beati
760 2683 940 2713 Francz'scl'
964 2686 996 2712 et
1022 2683 1203 2713 Sociorum
1239 2684 1325 2720 eius,
1363 2682 1517 2713 Venetiis
1548 2689 1649 2723 1504,
1678 2683 1749 2714 foll.
1780 2691 1864 2723 970-

167 2748 253 2781 997;
282 2742 439 2778 Fz'orettz',
468 2743 533 2773 Ed.
564 2742 620 2773 cit.
658 2752 754 2783 pagg.
795 2742 938 2782 236-37,
979 2741 1154 2780 268-2723
1192 2742 1244 2771 De
1284 2742 1529 2783 szformz'fate
1564 2752 1648 2778 ecc.‚
1686 2747 1767 2773 tom.
1805 2743 1860 2773 cit.

169 2807 260 2840 3973
296 2801 466 2831 Chronica
493 2802 628 2832 XXIV
660 2803 884 2832 Generalinm
918 2811 1015 2842 pagg.
1055 2800 1199 2841 635-36.
1237 2801 1304 2841 Qui
1330 2802 1421 2841 pero,
1452 2811 1546 2831 come
1572 2801 1625 2831 nei
1654 2801 1808 2837 Fz'oretti,
1842 2802 1864 2831 il

167 2860 303 2890 Lettore
328 2870 466 2891 romano
494 2862 510 2890 e
536 2861 628 2891 detto
656 2862 785 2890 Biana>
811 2870 828 2890 e
855 2871 922 2890 7:072
949 2861 1103 2894 Banet0‚-
1131 2871 1147 2890 e
1176 2861 1304 2890 Bz'amo
1331 2861 1348 2890 e
1374 2860 1466 2890 detto
1493 2870 1574 2901 pure
1602 2860 1655 2890 nel
1681 2860 1794 2890 codice
1820 2861 1864 2890 al-

167 2929 265 2950 meno
291 2919 379 2960 degli
404 2920 513 2950 Actus
539 2926 734 2950 conservato
760 2920 813 2950 nel
839 2926 952 2950 nostro
980 2919 1154 2950 Convento
1173 2920 1206 2949 di
1225 2920 1258 2950 S.
1288 2920 1419 2950 Isidoro
1437 2920 1470 2949 in
1498 2920 1623 2956 Roma,
1653 2919 1750 2955 dove,
1771 2928 1865 2950 come

167 2978 200 3008 in
220 2979 301 3009 tanti
327 2978 400 3009 altri
419 2979 537 3017 codici,
560 2980 586 3010 si
605 2985 699 3009 trova
724 2984 872 3020 appunto
891 2978 995 3009 anche
1023 2984 1141 3019 questo
1168 2979 1325 3020 capitolo,
1354 2979 1387 3009 di
1413 2989 1531 3019 sapore
1551 2979 1619 3008 cosi
1637 2978 1862 3009 franeescano.

170 3037 258 3067 Vedi
283 3038 391 3068 Actus
417 3039 519 3068 Beati
542 3039 723 3069 Franciscz'
744 3043 776 3068 et
802 3039 979 3068 Sociorum
1004 3040 1090 3074 eins,
1121 3038 1231 3079 Parigi
1262 3046 1363 3077 1902,
1392 3038 1483 3068 edito
1502 3037 1543 3067 da
1570 3037 1674 3067 Paolo
1701 3037 1862 3074 Sabatier‚

172 3106 251 3136 pag.
274 3096 484 3135 XXXVH;
514 3108 530 3128 e
557 3098 601 3138 gli
633 3098 820 3139 Opuscules
847 3099 885 3127 de
912 3099 1060 3138 critique
1085 3098 1284 3138 lzz'storz‘que,
1308 3097 1419 3138 Parigi
1440 3105 1539 3136 1903,
1562 3102 1643 3126 tom.
1663 3096 1691 3132 Ϊ,
1714 3096 1791 3126 editi
1812 3097 1863 3126 dal

170 3155 366 3199 medesimo,
401 3157 488 3187 dove
514 3158 546 3187 in
573 3158 631 3198 piu
658 3156 771 3197 luoghi
797 3166 879 3187 sono
906 3156 1059 3197 riportati
1085 3157 1095 3186 i
1122 3156 1227 3187 codici
1254 3156 1313 3187 che
1338 3156 1369 3186 lo
1396 3156 1520 3186 hanno.
