2325 3552
524 218 597 252 386
1121 211 1431 247 ALVERNINA
1462 210 1625 246 VARIA

522 377 658 412 buona
688 380 798 423 parte
830 373 895 409 del
919 373 1096 420 capitolo
1115 376 1320 418 seguente,
1342 371 1416 406 che
1433 368 1453 405 e
1475 371 1539 406 del
1561 376 1667 406 resto
1685 370 1725 405 in
1743 370 1896 406 istretta
1915 370 2119 406 relazione
2150 381 2226 405 con

524 443 560 478 la
576 442 710 477 Verna
729 438 799 489 (Ι)

606 588 622 605 «z
641 570 851 607 'Revelatio
882 571 985 606 tacta
1016 569 1178 604 cuidam
1210 568 1350 612 Fratri,
1385 573 1423 604 et
1455 568 1614 604 fuerunt
1644 567 1767 603 verba
1796 566 1885 612 hec,
1920 579 1997 615 que
2033 567 2226 616 loqueba-

520 646 582 675 tur
611 637 762 685 Seraph
791 641 930 672 sancto
962 634 1177 670 Francisco
1208 640 1299 682 post
1327 633 1633 682 impressionem
1664 645 1868 669 sacrorum
1898 632 2151 680 Stigmatum.

608 785 622 801 e<
640 768 820 815 Quidam
851 772 1014 803 sanctus
1044 766 1163 802 frater
1192 765 1377 810 devotus,
1412 763 1578 801 Ordinis
1608 764 1829 809 Minorum,
1862 776 1953 800 cum
1982 764 2132 812 legeret
2151 763 2226 800 Le-

528 836 735 883 «gendam
764 833 891 870 sancti
924 831 1142 876 Francisci,
1177 831 1368 879 cogitavit
1407 831 1447 866 in
1487 830 1609 866 corde
1641 842 1725 871 suo,
1767 842 1845 878 que
1883 836 2104 878 potuerunt
2142 841 2229 866 esse

528 902 627 938 illa
659 901 794 945 verba,
837 911 916 948 que
955 898 1056 934 dixit
1096 898 1171 934 sibi
1210 897 1370 945 seraph,
1413 896 1579 945 quando
1609 896 1762 944 recepit
1792 908 1903 932 sacra
1932 896 2162 944 Stigmata3·
2188 902 2240 931 etv

536 984 543 1000 <z
560 968 722 1003 dicebat
751 967 791 1002 in
821 966 943 1002 corde
973 976 1065 1001 suo:
1099 964 1174 1000 hec
1203 964 1325 1000 verba
1354 963 1486 999 noluit
1517 963 1652 999 dicere
1681 968 1843 999 sanctus
1864 962 2101 999 Franciscus
2129 962 2233 998 dum-

535 1057 541 1065 a
559 1034 710 1069 viveret
740 1032 1014 1080 corporaliter,
1046 1042 1154 1082 nunc
1183 1036 1333 1074 autem,
1367 1042 1459 1066 cum
1489 1041 1572 1065 non
1600 1029 1707 1065 vivat
1738 1029 2013 1077 corporaliter,
2039 1028 2139 1065 forte
2159 1028 2228 1065 illa

527 1100 725 1143 «diceret,
759 1098 791 1134 si
828 1102 1036 1144 rogaretur
1074 1096 1283 1132 instanter.
1327 1095 1559 1143 Imaginans
1598 1094 1718 1142 igitur
1755 1094 1888 1131 dictus
1921 1093 2072 1140 Frater,
2115 1095 2226 1142 quod

526 1165 626 1201 «illa
657 1165 816 1201 fuerunt
846 1152 1122 1206 saluberrima,
1165 1162 1216 1198 ed
1247 1161 1471 1197 decernens
1501 1172 1659 1209 semper
1688 1172 1760 1208 pro
1791 1172 1931 1196 eorum
1959 1159 2223 1204 revelatione,

530 1248 542 1263 2<
559 1242 673 1267 orare
702 1229 853 1278 incepit
883 1235 921 1264 et
949 1228 1176 1276 supplicare
1206 1239 1297 1263 cum
1326 1226 1512 1275 suspirio,
1546 1232 1590 1262 ut
1617 1226 1687 1262 illa
1704 1232 1857 1262 secreta
1876 1225 1997 1262 verba
2018 1225 2233 1274 seraphica

528 1313 543 1329 οε
560 1297 635 1333 sibi
666 1296 845 1344 pandere
875 1294 1123 1342 dignaretur.
1159 1292 1344 1341 Cumque
1372 1304 1443 1341 per
1474 1298 1567 1328 octo
1597 1303 1726 1328 annos
1756 1297 1908 1328 orasset
1938 1291 2138 1339 quotidie,
2162 1302 2226 1327 ac·-

528 1378 543 1395 s<
559 1362 657 1399 cidit
686 1362 727 1397 in
757 1372 864 1397 anno
895 1366 1055 1403 octavo,
1091 1359 1202 1407 quod
1232 1358 1304 1394 ivit
1335 1370 1425 1394 cum
1456 1358 1536 1394 suis
1574 1357 1780 1394 Fratribus
1810 1358 1863 1393 ad
1893 1357 2108 1393 ecclesiam
2135 1362 2227 1405 post

528 1427 788 1477 «prandium,
821 1432 864 1462 ut
892 1425 1112 1462 redderent
1151 1425 1291 1461 laudes
1332 1424 1437 1460 Deo.
1473 1423 1732 1471 Peractisque
1772 1423 1977 1468 laudibus,
2019 1423 2129 1459 solus
2166 1434 2226 1459 re-

528 1494 704 1530 <mansit
733 1493 773 1528 in
802 1492 972 1529 ecclesia
1003 1503 1132 1535 orare,
1165 1496 1204 1526 et
1234 1491 1324 1538 plus
1354 1490 1474 1526 solito
1495 1490 1763 1525 exardescens
1784 1489 1987 1525 desiderio
2017 1489 2085 1525 illa
2105 1488 2226 1524 verba

527 1577 542 1593 «
560 1560 728 1604 sciendi,
761 1566 967 1608 tamquam
998 1557 1131 1594 ebrius
1161 1556 1318 1605 spiritu,
1342 1556 1557 1604 lachrymis
1578 1555 1823 1604 superfusus,
1848 1555 1983 1591 Deum
2003 1561 2042 1591 et
2061 1555 2226 1591 beatum

527 1643 542 1660 «
559 1627 816 1663 Franciscum
833 1624 1047 1662 instantius
1068 1623 1189 1660 solito
1206 1635 1318 1659 more
1336 1623 1541 1660 exorabat.
1568 1621 1688 1658 Nunc
1705 1628 1842 1658 autem
1858 1627 1998 1658 orante
2014 1621 2224 1671 prolixius,

526 1709 541 1725 z<
558 1693 723 1742 quidam
761 1692 898 1728 Frater
936 1690 1241 1738 superveniens,
1284 1689 1463 1726 Fratrem
1495 1694 1635 1725 orante
1669 1686 1758 1738 (sic)
1790 1688 1966 1732 vocavit,
2000 1687 2140 1724 dicens
2178 1699 2226 1723 ex

531 1775 541 1791 s<
558 1764 669 1807 parte
698 1757 938 1801 Guardiani,
972 1762 1015 1792 ut
1044 1756 1216 1792 sociaret
1254 1767 1347 1791 eum
1386 1756 1437 1791 ad
1468 1760 1592 1791 extra.
1636 1753 1718 1800 Qui
1756 1760 1799 1790 ut
1837 1753 2006 1798 audivit,
2047 1759 2091 1789 ut
2130 1753 2225 1789 obe-

526 1841 541 1857 «
558 1824 711 1861 dientie
740 1823 859 1868 filius,
885 1822 1079 1858 mandato
1100 1821 1243 1870 prelati
1266 1821 1325 1857 sui
1347 1821 1558 1864 obediens,
1584 1809 1969 1865 oratione'dimissa,
1994 1831 2086 1856 cum
2107 1819 2225 1855 fratre

526 1889 800 1939 properavit.
835 1888 913 1925 Sed
935 1893 1131 1936 quantum
1161 1886 1383 1935 promeruit
1413 1885 1651 1922 obedientia
1681 1886 1756 1922 ista
1785 1885 1934 1921 videte.
1954 1884 2098 1921 Statim
2118 1883 2225 1920 enim

526 1962 600 1992 ut
629 1956 701 1991 fuit
731 1960 840 1991 extra
870 1959 1028 2002 portam
1059 1965 1149 1989 cum
1181 1952 1308 1997 socio,
1341 1952 1519 1988 obviavit
1548 1952 1709 1988 duobus
1738 1951 1943 1987 Fratribus
1971 1949 2225 1987 venientibus

527 2039 542 2055 «
559 2023 609 2058 de
638 2022 801 2069 regione
832 2020 1068 2068 longinqua,
1101 2026 1143 2055 ut
1184 2019 1412 2063 videbatur,
1455 2030 1629 2067 quorum
1662 2030 1766 2054 unus
1800 2017 2014 2054 videbatur
2051 2017 2222 2061 iuvenis,

533 2110 540 2120 2
559 2094 598 2124 et
627 2088 725 2124 alter
756 2085 1061 2134 quodammodo
1093 2085 1333 2121 macilentus
1368 2090 1406 2120 et
1436 2096 1571 2120 senex.
1597 2083 1712 2129 Quos
1733 2089 1777 2119 ut
1806 2083 1937 2120 dictus
1959 2082 2096 2119 Frater
2124 2082 2225 2118 vidit

528 2166 608 2189 6Χ
636 2159 817 2201 tempore
846 2152 1011 2187 hiemali
1042 2151 1226 2198 irrigatos
1254 2151 1402 2199 pluviis
1431 2156 1469 2186 et
1496 2150 1623 2186 nimio
1655 2161 1774 2186 scevo
1813 2150 2010 2193 lutuosos,
2044 2159 2226 2196 compas-

526 2236 541 2251 «τ
558 2220 670 2256 sione
699 2230 781 2254 non
811 2217 974 2253 modica
1002 2223 1042 2253 et
1071 2217 1266 2253 charitate
1301 2216 1419 2253 solita
1449 2220 1690 2260 commotus,
1715 2215 1817 2251 dixit
1837 2215 1889 2251 ad
1906 2214 2083 2251 socium:
2108 2213 2226 2250 frater

539 2284 806 2328 charissime,
841 2283 935 2331 quia
964 2283 1179 2330 negocium
1208 2294 1281 2331 pro
1313 2294 1394 2331 quo
1426 2282 1570 2318 ivimus
1599 2287 1734 2330 potest
1772 2281 1867 2318 satis
1896 2280 2060 2324 differri,
2093 2285 2131 2316 et
2161 2279 2225 2316 isti

526 2350 713 2386 Fratres
735 2349 913 2385 forenses
944 2348 1106 2384 servitio
1138 2354 1176 2384 et
1204 2348 1454 2384 recreatione
1484 2359 1567 2384 non
1597 2347 1805 2383 modicum
1826 2346 2023 2394 indigent,
2057 2346 2224 2382 obsecro

534 2432 541 2440 ³
558 2421 600 2451 ut
641 2414 882 2463 permittatis
920 2426 983 2449 me
1013 2414 1064 2450 ad
1110 2414 1326 2450 lavandum
1366 2414 1491 2461 pedes
1533 2413 1628 2449 huic
1659 2412 1745 2449 seni
1783 2418 1823 2448 et
1860 2424 1932 2448 vos
1974 2410 2144 2447 veniatis
2187 2417 2225 2447 et

525 2482 687 2517 «lavate
716 2480 810 2516 huic
840 2479 990 2524 iuveni,
1028 2486 1066 2515 et
1096 2485 1237 2528 postea
1258 2480 1362 2515 imus
1382 2491 1454 2527 pro
1476 2479 1648 2526 negocio
1679 2484 1831 2515 nostro,
1865 2477 2068 2514 Exaudita
2087 2488 2221 2525 prece,

527 2546 848 2582 «reintraverunt
877 2557 967 2581 cum
997 2545 1053 2581 eis
1084 2545 1123 2580 in
1155 2546 1312 2590 locunr:
1347 2551 1497 2581 etcum
1529 2544 1666 2580 Frater
1694 2544 1880 2587 devotus,
1913 2543 2068 2580 lutosos
2096 2542 2223 2591 pedes

527 2628 541 2644 „<
558 2611 664 2648 senis
703 2611 808 2646 illius
843 2611 975 2646 lavare
1015 2611 1236 2659 inceperat,
1268 2617 1406 2647 amoto
1438 2611 1537 2654 luto,
1571 2622 1682 2646 sacra
1711 2609 1904 2657 Stigmata
1933 2613 2219 2657 apparuerunt.

526 2693 541 2709 11<
558 2676 691 2723 Quem
722 2688 812 2712 cum
843 2675 979 2711 Frater
1009 2676 1075 2711 ille
1105 2676 1357 2724 inspexisset,
1392 2677 1640 2724 amplectens
1670 2681 1709 2711 et
1737 2681 1879 2711 tenens
1908 2674 2063 2711 fortiter
2099 2673 2224 2722 pedes

525 2758 540 2775 -;-;
557 2742 661 2785 illos,
694 2747 733 2776 et
763 2753 853 2777 cum
885 2753 1027 2788 magna
1056 2753 1156 2777 voce
1187 2742 1309 2778 dixit:
1337 2741 1371 2778 O
1395 2741 1545 2786 Frater,
1571 2741 1633 2777 vel
1656 2747 1698 2776 tu
1719 2752 1761 2777 es
1783 2739 1979 2784 Christus,
2002 2740 2065 2776 vel
2080 2739 2222 2775 beatus

525 2824 540 2839 ³<
559 2807 806 2844 Franciscus.
842 2806 905 2841 Ad
936 2807 1048 2842 cuius
1077 2819 1218 2843 vocem
1250 2808 1507 2856 stupendam,
1540 2807 1738 2855 perterriti
1779 2818 1919 2842 omnes
1949 2805 2105 2842 Fratres
2143 2804 2220 2841 loci

528 2889 539 2905 st
557 2872 678 2916 illius,
710 2878 802 2908 octo
832 2883 1014 2915 numero,
1041 2872 1109 2918 qui
1130 2872 1184 2907 ibi
1208 2873 1367 2909 stabant
1388 2874 1439 2908 ad
1470 2873 1603 2919 ignem
1624 2878 1788 2920 propter
1809 2871 1944 2919 frigus,
1968 2875 2221 2907 sun-exerunt

524 2954 539 2970 «κ
551 2937 603 2974 ad
634 2937 703 2973 illa
733 2936 916 2983 stigmata
945 2938 1190 2972 contuenda.
1234 2936 1393 2983 Quibus
1423 2938 1517 2974 visis
1547 2944 1585 2973 et
1615 2937 1731 2973 tactis
1761 2937 1811 2973 ab
1842 2936 2044 2980 omnibus,
2069 2941 2108 2971 et
2128 2935 2220 2971 Fra-

612 3078 658 3115 (1)
689 3074 809 3114 Questi
835 3074 899 3104 due
926 3074 1061 3114 capitoli
1088 3074 1120 3103 in
1147 3074 1311 3105 relazione
1338 3075 1399 3104 alla
1428 3076 1540 3105 Verna
1567 3075 1611 3105 mi
1639 3085 1722 3105 sono
1749 3074 1826 3105 stati
1852 3073 1925 3103 fatti
1952 3078 2067 3103 notare
2101 3071 2217 3102 dall’a-

515 3138 600 3169 mico
627 3136 667 3165 P.
697 3133 862 3163 Giovanni
893 3132 1114 3170 Giaccherini‚
1145 3133 1204 3163 che
1231 3134 1464 3164 sentitamente
1491 3135 1666 3174 ringrazio.
