2325 3552
473 173 543 208 248
1053 176 1095 211 Ρ.
1124 176 1199 211 AD
1206 175 1343 212 OLFO
1371 177 1597 212 MARTINI

476 327 636 366 mundi.
670 326 837 367 Chorde
868 341 972 367 vero
1004 329 1182 379 cythare
1214 332 1315 368 sunt
1344 324 1527 369 virtutes
1559 343 1642 381 que
1673 343 1761 370 non
1791 335 1950 371 sonant
1982 332 2067 372 11151
2097 333 2183 372 51111

475 394 669 441 extense,
698 405 781 432 nec
812 393 1086 432 concorditer
1114 394 1199 433 nisi
1219 394 1305 433 sint
1324 395 1650 446 proportionate
1674 398 1717 435 et
1737 396 1885 436 debita
1903 398 2182 449 proportione

473 457 713 508 pulsentur.
747 457 960 509 Opportet
990 459 1104 497 enim
1135 459 1323 498 affectus
1357 459 1563 499 virtuales
1595 460 1650 499 ad
1680 473 1781 501 suos
1811 461 1925 501 fines
1967 465 2010 501 et
2030 462 2085 501 ad
2105 475 2184 502 sua

473 521 646 561 obiecta
673 523 761 561 fixe
794 526 837 562 et
867 526 1033 563 attente
1072 524 1274 575 protendi
1303 525 1359 575 (12)
1386 528 1444 564 *et
1481 537 1612 564 unam
1650 526 1856 565 virtutem
1895 527 2021 566 alteri
2054 528 2182 567 cohe-

472 598 581 633 rere,
611 587 672 625 ita
701 588 816 638 quod
844 588 960 639 rigor
985 588 1151 638 justitie
1181 601 1266 627 non
1300 589 1502 628 excludat
1522 590 1743 630 dulcorem
1772 591 2081 642 misericordie,
2101 605 2183 633 1160

472 652 634 691 mititas
656 656 699 691 et
718 653 874 693 levitas
905 656 1056 693 sancte
1079 655 1361 694 correctionis
1383 656 1535 695 zelum.
1556 655 1744 707 Cythara
1774 657 1905 696 etiam
1932 660 2079 710 potest
2101 658 2185 698 dici

471 717 564 768 ipse
586 718 718 767 Deus,
759 719 880 769 cujus
920 719 1114 769 quelibet
1150 720 1363 772 perfectio
1397 733 1476 773 per
1510 721 1771 761 affectuales
1811 723 2183 763 considerationes

475 784 808 835 contemplantis
828 787 947 823 tacta
965 787 1008 823 et
1021 786 1195 837 pulsata
1210 785 1353 825 reddit
1369 799 1466 825 cum
1483 787 1577 826 aliis
1593 787 1699 826 mire
1713 787 1995 837 jocunditatis
2017 801 2182 828 sonum.

475 846 662 897 Cythara
693 849 823 903 etiam
859 852 926 888 est
944 852 1083 889 totum
1103 863 1279 890 versum
1298 851 1343 889 111
1363 863 1539 891 versum
1561 852 1682 902 cujus
1703 852 1897 903 quelibet
1914 865 2016 905 pars
2038 853 2182 893 debite

474 923 498 950 a
519 914 862 966 contemplatore
893 918 1013 955 tacta
1032 916 1138 955 mire
1162 920 1288 956 sonat
1309 916 1391 955 Dei
1409 917 1594 956 laudem.
1618 917 1858 969 Singularis
1882 919 2012 958 etiam
2031 919 2184 958 horum

475 979 655 1028 cythara
686 983 753 1019 est
782 980 906 1020 Iesus
940 980 1135 1021 Christus
1168 994 1264 1021 cum
1295 982 1494 1021 omnibus
1526 983 1695 1022 actibus
1726 996 1803 1023 sue
1833 984 2055 1035 passibilis
2094 985 2182 1024 Vite

474 1044 604 1083 etiam
636 1046 926 1086 confessionis
957 1049 1153 1099 paterne,
1185 1060 1314 1099 quam
1345 1048 1568 1099 cytharam
1597 1048 1705 1088 facit
1734 1061 1890 1089 sonare
1931 1051 2182 1090 concavitas
2240 1067 2242 1069 ¹

474 1123 550 1150 sue
584 1112 865 1151 acerbissime
895 1113 1127 1165 passionis,
1159 1126 1244 1165 qua
1273 1114 1356 1153 fuit
1387 1117 1567 1154 cavatus
1608 1118 1651 1154 et
1697 1115 1845 1155 fossus
1893 1116 1937 1154 in
1983 1116 2183 1156 manibus

471 1176 656 1227 pedibus
688 1181 731 1217 et
760 1178 912 1228 latere,
943 1179 1154 1230 sanguine
1185 1191 1352 1219 vacuus
1375 1183 1419 1219 et
1438 1180 1541 1227 vita,
1562 1180 1636 1219 ubi
1657 1181 1817 1220 chorde
1840 1182 2030 1221 omnium
2050 1192 2183 1221 mem-

472 1242 646 1281 brorum
677 1256 853 1282 suorum
884 1247 927 1283 et
955 1257 1188 1284 nervorum
1220 1248 1262 1284 et
1287 1245 1588 1295 juncturarum
1616 1246 1795 1285 fuerunt
1814 1249 2006 1286 ‘extense
2036 1247 2183 1286 fortis-

472 1307 592 1351 511116,
628 1309 831 1359 organice
854 1312 1000 1348 tamen
1023 1312 1066 1348 et
1086 1310 1250 1349 musice
1274 1311 1514 1349 secundum
1536 1311 1651 1362 quod
1672 1311 1876 1362 exigebat
1897 1312 2040 1352 divine
2059 1312 2184 1363 justi—

473 1373 537 1413 cie
556 1375 788 1414 austeritas
813 1378 855 1414 et
874 1376 1082 1415 virtutum
1111 1377 1212 1416 Iesu
1242 1377 1478 1416 strenuitas
1511 1380 1554 1416 et
1583 1389 1714 1429 super
1742 1380 1936 1417 nostram
1965 1378 2184 1418 miseriam

473 1439 708 1478 curandam
731 1440 876 1480 effusa
918 1454 994 1480 sue
1038 1442 1214 1493 pietatis
1260 1442 1462 1492 charitas,
1505 1442 1579 1481 ubi
1626 1455 1759 1483 sonus
1804 1443 1977 1492 doloris,
2020 1444 2182 1495 vigoris

474 1507 517 1543 et
547 1505 704 1544 amoris
733 1505 777 1544 in
809 1506 901 1545 eius
940 1519 1048 1546 voce
1078 1507 1122 1545 in
1153 1519 1280 1546 cruce
1314 1507 1528 1546 clamante
1560 1508 1903 1560 septempliciter
1937 1509 2082 1548 sonuit
2115 1521 2183 1548 se-

473 1569 660 1608 cundum
690 1574 859 1622 septem
879 1571 1015 1611 verba
1036 1584 1119 1623 que
1141 1572 1260 1617 dixit,
1282 1584 1364 1623 que
1386 1565 1464 1612 tibi
1485 1585 1616 1624 supra
1638 1573 1819 1625 exposui
1838 1574 1863 1613 1.
1885 1574 1946 1613 IV
1968 1586 2001 1613 c.
2024 1574 2183 1623 XXIII,

471 1634 515 1673 111
546 1635 700 1686 quibus
733 1636 931 1676 omnibus
963 1637 1104 1676 sancti
1134 1637 1246 1676 sexti
1276 1640 1416 1677 status
1455 1640 1664 1689 tanquam
1709 1638 1754 1677 in
1803 1639 1983 1689 cythara
2030 1639 2182 1679 salutis

470 1701 657 1740 humane
679 1705 815 1741 totam
835 1702 1153 1754 perfectionem
1173 1703 1380 1742 bonitatis
1403 1703 1547 1743 divine
1571 1706 1614 1742 et
1633 1703 1842 1743 Virtutum
1864 1716 2039 1744 suarum
2059 1717 2180 1743 men-

470 1767 621 1806 talium
653 1770 695 1806 et
725 1768 914 1807 omnium
944 1769 1026 1807 Dei
1056 1781 1235 1821 operum
1265 1781 1421 1808 sonare
1451 1769 1618 1808 facient
1646 1772 1855 1820 tanquam
1884 1770 1928 1808 in
1950 1770 2182 1809 ordinatis-

472 1833 581 1872 sima
611 1834 816 1883 armonia,
846 1847 961 1873 1111110
991 1835 1206 1874 1301611165
1239 1847 1335 1874 011111
1354 1835 1548 1886 parvulo,
1569 1847 1684 1874 1111110
1706 1835 1904 1874 dolentes
1928 1848 2024 1875 cum
2046 1836 2182 1875 cruci-

471 1899 574 1944 fixo,
592 1913 706 1939 1111110
726 1900 1059 1951 peregrinantes
1082 1913 1179 1940 cum
1199 1901 1400 1952 glorioso,
1422 1901 1495 1951 qui
1517 1903 1584 1939 est
1605 1913 1735 1952 super
1756 1901 1905 1940 omnia
1924 1901 2182 1941 benedictus

472 1964 604 2004 Deus.
636 1965 774 2015 Hujus
806 1966 983 2016 cythare
1014 1966 1154 2005 forma
1184 1969 1307 2005 sexto
1340 1966 1473 2006 statui
1494 1966 1638 2005 danda
1657 1966 1794 2018 primo
1817 1967 2017 2019 apparuit
2035 1967 2080 2006 in
2099 1967 2182 2007 hoc

473 2042 596 2069 sacro
628 2034 789 2077 monte,
809 2044 905 2070 cum
925 2031 970 2070 in
991 2031 1266 2083 stigmatibus
1287 2031 1505 2083 passionis
1526 2032 1733 2071 fundator
1754 2032 1867 2071 sexti
1888 2035 2027 2072 status
2049 2032 2182 2071 Fran-

474 2096 615 2136 ciscus
647 2097 707 2147 (1)
739 2109 764 2135 a
795 2096 966 2136 Christo
996 2097 1140 2136 factus
1173 2100 1240 2136 est
1271 2097 1545 2148 cytharedus,
1577 2097 1633 2136 Et
1663 2097 1764 2148 quia
1792 2110 1879 2137 non
1908 2098 2081 2137 indocte
2112 2098 2183 2137 vel

471 2161 691 2201 rusticane
723 2162 796 2201 isti
842 2162 1062 2202 Iesunculi
1111 2175 1189 2202 seu
1220 2162 1321 2213 agni
1351 2162 1673 2213 cytharizantes
1713 2162 1758 2201 in
1798 2175 1908 2214 agno
1948 2163 2048 2202 Iesu
2085 2175 2182 2215 per-

474 2227 639 2266 cutient
671 2227 855 2267 chordas
885 2227 1080 2279 predicte
1118 2228 1295 2278 cythare
1336 2227 1414 2267 sed
1453 2240 1548 2267 cum
1589 2230 1680 2266 arte
1719 2227 1919 2279 perfecta
1957 2240 1982 2266 a
2021 2227 2183 2280 Spiritu

474 2292 634 2333 Sancto
657 2293 815 2340 infusa,
832 2293 930 2332 ideo
953 2291 1126 2332 dicitur:
1150 2293 1272 2333 Sicut
1294 2293 1645 2344 cytharedorum3
1668 2293 1769 2344 quia
1791 2293 2075 2344 cythraredus
2095 2306 2182 2333 non

473 2358 630 2397 dicitur
650 2358 735 2397 11151
768 2370 846 2409 per
881 2362 1018 2397 artem
1055 2361 1098 2397 et
1127 2347 1404 2409 frequentem
1433 2371 1559 2397 usum
1589 2358 1898 2410 magistraliter
1925 2358 2085 2398 formet
2114 2371 2182 2398 so-

472 2437 574 2462 num
593 2440 625 2462 ».

610 2489 709 2527 Non
740 2489 1007 2540 aggiungero
1039 2489 1147 2528 altro
1180 2501 1205 2528 a
1234 2491 1395 2540 quanto
1430 2489 1485 2528 ho
1508 2491 1748 2528 accennato
1771 2501 1900 2540 sopra
1922 2489 2038 2528 circa
2057 2489 2087 2527 11
2106 2502 2182 2541 po-

474 2556 540 2593 sto
570 2554 845 2605 importante,
877 2554 955 2593 che
988 2566 1155 2606 occupa
1182 2554 1225 2592 la
1254 2554 1403 2592 Verna
1430 2554 1503 2592 nel
1531 2554 1734 2605 pensiero
1757 2553 1798 2592 di
1819 2553 2044 2593 Ubertino.
2068 2554 2182 2605 Que-

474 2622 539 2658 ste
570 2619 729 2671 pagine
762 2631 868 2658 sono
898 2631 977 2671 per
1007 2619 1053 2658 se
1095 2619 1315 2670 eloquenti
1355 2631 1376 2657 e
1418 2619 1456 2658 ci
1495 2618 1649 2658 dicono
1683 2619 1815 2658 molto
1838 2619 2084 2658 dell⁷anima
2113 2619 2182 2658 del

476 2685 680 2725 Casalese
711 2684 1073 2736 profondamente
1104 2685 1310 2736 religiosa
1341 2697 1362 2723 e
1384 2684 1566 2723 mistica.
1606 2684 1849 2737 Purtroppo
1873 2685 1911 2724 01
1931 2685 2085 2724 dicono
2109 2697 2182 2723 an-

476 2752 555 2791 che
586 2751 600 2789 i
631 2751 726 2790 suoi
769 2751 1046 2790 traviamenti
1087 2751 1367 2790 intellettuali
1402 2763 1422 2789 e
1468 2751 1619 2789 morali
1658 2763 1679 2789 e
1720 2753 1881 2802 quanto
1925 2752 2012 2803 pub
2062 2763 2183 2790 esser

473 2816 678 2856 rovinoso
708 2816 907 2854 l’aderire
941 2815 994 2854 ad
1022 2829 1081 2854 1111
1110 2816 1222 2855 falso
1252 2815 1477 2867 principio.
1517 2816 1551 2854 Il
1592 2815 1796 2856 Oasalese
1835 2816 2181 2868 probabilmente

476 2895 563 2921 non
594 2894 639 2921 se
671 2893 725 2920 ne
756 2893 854 2920 rese
887 2884 1014 2920 conto
1047 2884 1201 2928 esatto,
1234 2893 1255 2919 e
1289 2881 1353 2920 010
1384 2881 1424 2920 10
1456 2893 1585 2920 501153
1617 2880 1734 2921 forse
1775 2882 1819 2920 in
1857 2884 1994 2933 parte.
2033 2881 2105 2920 Ma
2135 2893 2181 2920 se

476 2947 559 2998 egli
600 2959 654 2985 ne
696 2946 805 2985 ebbe
844 2946 889 2984 in
928 2946 1111 2997 qualche
1150 2949 1369 2985 momento
1410 2946 1651 2993 coscienza,
1692 2946 1868 2986 dovette
1914 2947 1994 2985 allo
2039 2942 2181 2986 stesso

621 3103 666 3137 (1)
686 3102 824 3130 Ancora
844 3102 869 3129 il
891 3102 990 3129 solito
1012 3104 1176 3129 concetto.
