2325 3552
413 155 488 189 286
847 157 890 192 P.
922 157 1201 194 ZEFFIRINO
1233 158 1454 193 LAZZERI
1485 157 1526 194 O.
1557 160 1600 194 F.
1634 160 1684 193 M.

412 325 498 349 essa
527 312 624 361 pero
655 326 750 362 pare
778 315 977 351 riassunta
1006 316 1403 353 nell'introduzione
1433 323 1549 365 posta
1579 318 1646 353 dai
1684 317 1842 365 Signori
1881 318 2121 363 Fiorentini,

412 379 449 413 al
479 378 566 414 loro
596 379 855 426 Deliberato;
888 381 954 416 nel
986 382 1105 428 quale
1135 379 1156 417 ἐ
1184 382 1254 429 poi
1284 382 1413 418 anche
1444 382 1618 426 curioso,
1653 394 1767 418 come
1789 389 1848 419 tra
1869 383 1881 419 i
1902 384 2124 419 duecento-
2152 378 2155 384 ’

413 442 714 491 cinquant'otto
746 445 915 488 votanti,
949 446 1279 494 cinquantanove
1309 447 1486 483 abbiano
1507 448 1604 483 dato
1625 447 1716 483 fava
1736 448 1896 493 bianca,
1921 447 2126 484 contrario

413 506 501 544 cioe
531 520 553 544 a
583 509 781 556 prendere
812 510 849 545 la
878 510 991 546 detta
1021 512 1274 558 protezione.

496 583 555 608 11.
576 573 646 609 Ma
676 586 772 610 ecco
804 575 841 610 la
870 581 994 611 stessa
1024 577 1342 612 Deliberazione.

491 637 538 672 ln
560 637 638 673 Dei
666 639 831 675 nomine
862 639 1007 676 Amen.
1042 640 1164 676 Anno
1197 641 1493 677 Incarnationis
1523 641 1690 677 Domini
1712 641 1839 678 nostri
1860 641 1954 678 Iesu
1975 641 2126 678 Christi

415 701 633 738 Millesimo
673 703 1071 751 quadringentesimo
1111 706 1314 753 trigesimo
1354 706 1549 750 secundo,
1591 706 1825 742 Indictione
1862 705 2018 757 die(1),
2060 699 2135 742 die'

413 767 606 813 vigesimo
637 776 783 804 octavo
813 770 962 805 mensis
993 769 1115 806 Iunii.
1148 770 1197 806 In
1217 771 1389 807 consilio
1411 771 1557 818 Populi
1579 771 1752 807 civitatis
1773 771 1991 817 Florentie,
2017 783 2129 807 man-

414 831 510 867 dato
540 833 847 879 magnificorum
877 834 1151 879 dominorum,
1184 836 1447 871 dominorum
1487 835 1673 871 Priorum
1713 837 1873 872 Artium
1911 843 1951 873 et
1989 836 2128 872 Vexil-

414 896 516 931 liferi
546 896 705 933 Iustitie
735 898 883 946 Populi
914 898 1154 936 Communis
1183 900 1401 945 Florentie,
1434 912 1612 948 precona
1634 902 1943 947 convocatione,
1969 912 2129 949 campa-

414 972 546 1008 neque
567 962 715 1008 sonitu,
741 962 781 998 in
802 963 961 1000 Palatio
982 964 1131 1012 Populi
1151 965 1370 1009 Florentie,
1394 977 1506 1001 more
1527 966 1647 1002 solito
1665 972 2013 1014 congregatorum,
2029 977 2130 1014 quo-

414 1039 500 1062 rum
531 1026 789 1063 dominorum
820 1028 1005 1064 Priorum
1026 1035 1065 1065 et
1086 1029 1309 1066 Vexilliferi
1331 1031 1499 1066 nomina
1520 1030 1594 1066 ista
1615 1037 1721 1076 sunt,
1745 1031 1957 1068 videlicet:
1981 1031 2130 1067 Nicco-

416 1092 475 1127 lus
497 1091 646 1127 Mactei
667 1093 718 1128 de
740 1092 933 1137 Corsinis,
957 1094 1142 1130 Andreas
1164 1095 1367 1131 Francisci
1390 1095 1558 1140 Banchi,
1594 1096 1797 1132 Antonius
1811 1096 1988 1147 [raddei
2020 1096 2130 1132 Duc-

416 1156 466 1192 cii
496 1156 693 1201 Mancini,
727 1157 908 1194 Antonio
940 1158 1143 1195 Leonardi
1172 1160 1224 1196 de
1245 1160 1415 1205 Antilla‚
1439 1160 1658 1197 Dardanus
1679 1161 1894 1198 Michaelis
1915 1162 1966 1197 de
1987 1161 2132 1197 Accia-

415 1221 523 1265 rolis,
556 1221 764 1271 Cenobius
786 1221 985 1259 Lodovici
1007 1224 1116 1260 della
1137 1224 1330 1269 Badessa,
1355 1225 1561 1261 Iohannes
1583 1225 1725 1262 Iacobi
1746 1226 1839 1262 Luti
1862 1226 2126 1268 Calcolarius,

417 1287 592 1333 Pagolus
622 1286 769 1322 Sandri
800 1288 1060 1336 Pogagnotti,
1094 1289 1253 1326 Priores
1292 1290 1467 1335 Artium,
1509 1298 1548 1327 et
1587 1291 1729 1327 Pierus
1768 1291 2045 1327 Bartholomei
2079 1291 2130 1327 de

417 1351 579 1387 Pecoris
609 1352 835 1388 Vexilliferi
866 1353 1047 1399 Iustitie;
1082 1354 1169 1402 Ego
1200 1355 1414 1404 Philippus
1444 1355 1513 1392 Ser
1545 1356 1714 1404 Ugolini
1744 1356 1928 1393 Pierucci
1958 1357 2009 1393 de
2040 1356 2132 1393 Flo-

415 1417 544 1452 rentia
577 1416 647 1466 (2),
680 1418 861 1454 notarius
891 1420 1020 1455 scriba
1050 1420 1383 1456 reformationum
1414 1421 1675 1458 consiliorum
1706 1422 1855 1469 Populi
1875 1429 1915 1458 et
1935 1421 2133 1458 Comunis

416 1482 634 1526 Florentie,
668 1483 709 1518 in
737 1484 953 1531 presentia,
988 1485 1039 1520 de
1069 1485 1278 1521 voluntate
1309 1493 1348 1522 et
1377 1487 1572 1523 mandato
1604 1487 1726 1523 officii
1762 1488 1963 1523 dictorum
2001 1487 2131 1523 dorni-

415 1559 560 1582 norum
590 1553 629 1583 et
659 1547 901 1593 Vexilliferi,
935 1549 976 1584 in
1007 1550 1118 1586 dicto
1156 1551 1328 1587 consilio
1368 1552 1617 1599 presentium
1656 1552 1697 1587 in
1716 1564 1887 1588 numero
1908 1559 2129 1600 oportuno,

417 1612 494 1659 legi
524 1618 562 1648 et
590 1612 757 1648 recitavi
788 1613 891 1649 inter
912 1614 1043 1651 dictos
1064 1615 1317 1652 consiliarios
1339 1617 1380 1652 in
1401 1617 1617 1653 sufficienti
1657 1629 1826 1653 numero
1848 1623 2130 1665 congregatOS,

417 1677 687 1724 infrascriptas
716 1679 970 1726 provisiones
1000 1686 1039 1716 et
1069 1681 1294 1728 quamlibet
1323 1694 1460 1717 earum
1498 1682 1730 1730 vulgariter,
1772 1683 1963 1719 distincte
2002 1688 2042 1719 et
2078 1683 2132 1718 ad

415 1743 724 1790 intelligentiam
754 1744 1002 1781 deliberatas
1032 1752 1071 1781 et
1101 1746 1239 1790 factas,
1274 1754 1393 1794 prout
1424 1748 1525 1783 infra
1555 1748 1788 1796 apparebit,
1831 1754 1870 1784 et
1909 1748 2133 1784 observatis

416 1808 741 1845 solemnitatibus
771 1811 983 1857 oportunis
1004 1817 1043 1847 et
1074 1812 1275 1848 observari
1298 1813 1460 1858 debitis,
1484 1813 1702 1861 requisitis,
1726 1814 1950 1850 secundum
1971 1814 2134 1850 ordina-

416 1878 552 1908 menta
580 1873 677 1909 dicti
710 1873 919 1919 Comunis,
954 1882 992 1912 et
1023 1877 1157 1913 modis
1187 1883 1226 1913 et
1244 1877 1370 1913 forma
1392 1884 1431 1914 et
1452 1878 1594 1914 ordine
1616 1879 1893 1927 infrascriptis,
1917 1879 2130 1915 videlicet:

505 2019 520 2035 «
540 2001 697 2049 Quarto
719 2003 774 2054 (3)
804 2006 1080 2052 provisionem
1114 2007 1409 2056 infrascriptam
1437 2020 1556 2056 super
1585 2009 1846 2057 infrascriptis
1875 2010 2064 2045 omnibus
2094 2015 2135 2045 et

417 2068 598 2115 singulis,
631 2069 897 2105 deliberatam
919 2077 957 2106 et
978 2071 1124 2107 factam
1140 2084 1211 2120 per
1231 2073 1362 2109 dictos
1384 2073 1573 2109 dominos
1595 2073 1754 2110 Priores
1776 2080 1815 2110 et
1836 2073 2129 2120 Vexilliferum,

417 2132 731 2170 Gonfalonerios
770 2134 1018 2172 Societatum
1059 2137 1205 2185 Populi
1244 2144 1283 2174 et
1321 2138 1554 2175 Duodecim
1595 2139 1732 2175 Bonos
1770 2139 1893 2175 Viros
1933 2139 2133 2176 Comunis

418 2198 636 2243 Florentie,
669 2201 894 2236 secundum
924 2202 1208 2239 ordinamenta
1229 2203 1327 2239 dicti
1349 2203 1559 2248 Comunis,
1584 2216 1663 2252 que
1702 2205 1793 2240 talis
1814 2211 1888 2250 est,
1911 2205 2103 2241 videlicet
2122 2217 2130 2240 :

419 2341 554 2369 ragione
579 2340 633 2369 del
659 2340 810 2371 Comune
837 2342 871 2371 di
904 2342 1045 2372 Firenze
1080 2352 1134 2372 era
1159 2343 1212 2383 gia
1238 2347 1327 2374 stata
1353 2354 1450 2385 presa
1475 2345 1498 2375 il
1527 2353 1583 2381 20,
1613 2355 1630 2375 e
1657 2345 1680 2375 il
1706 2345 1823 2385 giorno
1858 2351 1965 2376 stesso
1995 2345 2036 2376 28
2063 2356 2133 2376 non

419 2399 445 2429 si
472 2399 503 2428 fa
529 2398 588 2428 che
615 2399 815 2439 registrarla,
836 2411 855 2430 o
874 2401 1009 2441 meglio,
1031 2402 1261 2433 autenticarla.
1291 2403 1380 2433 Vedi
1410 2403 1515 2434 anche
1540 2404 1641 2434 Carte
1660 2405 1853 2441 Stroziane,
1876 2413 1907 2436 2.
1938 2404 2043 2441 Serie,
2075 2405 2132 2446 58,

418 2467 493 2498 pag.
526 2465 592 2497 333
621 2458 740 2497 (Arch.
770 2459 803 2489 di
829 2459 877 2490 St.
909 2460 943 2489 di
969 2460 1055 2499 Fir.)
1085 2461 1171 2491 dove
1198 2462 1224 2491 si
1251 2462 1361 2492 citano
1388 2462 1642 2502 gl'Inventarii.

517 2516 565 2554 (1)
594 2516 624 2545 Il
650 2517 779 2557 eopista
804 2517 847 2548 ha
873 2518 1012 2549 lasciato
1040 2518 1267 2557 l’Indizione,
1297 2520 1358 2551 che
1385 2531 1440 2551 era
1466 2522 1497 2551 la
1523 2522 1654 2552 decima
1679 2532 1696 2552 e
1722 2522 1766 2552 ha
1791 2532 1902 2553 messo
1936 2523 2051 2553 invece
2070 2522 2136 2553 due

420 2574 509 2604 volte
535 2574 600 2604 die.

517 2630 568 2676 (2)
594 2634 698 2664 Forse
724 2641 861 2675 parente
888 2637 921 2666 di
948 2636 982 2668 S.
1012 2637 1205 2674 Antonino,
1234 2638 1415 2679 anch'egli,
1445 2639 1550 2670 allora
1576 2639 1722 2677 vivente,
1752 2639 1786 2669 di
1812 2640 1959 2680 famiglia
1977 2640 2012 2670 di
2029 2640 2135 2670 Notai

420 2691 506 2721 della
532 2692 763 2732 Repubblica.

518 2750 567 2790 (3)
596 2751 642 2782 Su
668 2763 686 2781 a
712 2763 809 2793 capo,
838 2763 855 2783 e
881 2754 936 2784 nel
962 2755 1111 2794 margine
1138 2756 1253 2785 destro
1281 2757 1315 2786 di
1340 2763 1461 2797 questa
1489 2758 1759 2795 Deliberazione,
1795 2758 1856 2789 che
1889 2760 1907 2788 ὲ
1941 2758 1999 2799 poi
2024 2758 2136 2799 quella

421 2809 481 2840 che
505 2810 659 2850 riguarda
683 2811 714 2841 la
742 2812 866 2849 Verna,
896 2813 928 2842 vi
946 2814 963 2843 e
982 2813 1013 2843 la
1032 2814 1163 2844 rubrica
1189 2825 1209 2844 o
1228 2815 1359 2855 piccolo
1386 2817 1591 2847 sommario:
1621 2817 1815 2848 Conventus
1833 2818 1965 2848 fllontz's
1981 2817 2137 2848 Alverne

419 2869 466 2898 sz’t
487 2870 550 2898 suh
571 2871 781 2908 protectione
813 2871 1003 2902 Consulum
1028 2873 1129 2903 Artis
1154 2873 1251 2903 Lane
1283 2874 1441 2905 Civitatis
1466 2876 1674 2912 Florentiae,
1704 2877 1736 2907 la
1762 2877 1842 2917 qual
1867 2877 2000 2907 rubrica
2026 2878 2043 2907 ἐ
2069 2887 2134 2917 pur

419 2927 565 2968 ripetuta
589 2928 676 2959 nelle
709 2929 810 2959 Carte
837 2931 1018 2961 Strozz'ane
1046 2929 1096 2963 2³.
1127 2932 1231 2968 serie,
1265 2941 1321 2974 55,
1343 2945 1420 2974 pag.
1448 2934 1526 2971 168,
1548 2936 1771 2966 rimandando
1799 2940 1950 2977 appunto
1976 2935 2007 2966 al
2032 2935 2138 2966 Lzber

420 2987 722 3020 Reformationum
747 2989 802 3019 del
832 2997 934 3029 1432,
968 3000 987 3019 a
1020 2990 1078 3021 fol.
1122 2991 1200 3031 136,
1230 2992 1315 3023 dove
1354 2994 1413 3024 eil
1430 3000 1546 3024 nostro
1573 2995 1792 3031 documento,
1829 2995 1894 3025 alla
1919 2995 2018 3036 quale
2048 2994 2134 3025 indi-

422 3045 556 3076 cazione
581 3046 764 3077 dobbiamo
791 3048 825 3077 di
850 3049 961 3079 averlo
988 3055 1108 3090 potuto
1134 3051 1356 3082 rintracciare.
