2325 3552
403 132 477 166 328
896 130 941 165 P.
974 128 1143 165 CARLO
1175 129 1395 164 PERUZZI
1426 128 1468 163 O.
1499 130 1543 163 F.
1575 129 1627 163 M.

408 305 424 321 «
443 289 505 325 De
549 301 722 337 quorum
770 300 939 325 numero
987 289 1130 324 beatus
1177 287 1296 324 Pater
1343 287 1558 325 Conradus
1606 286 1820 324 Offidanus
1868 285 2111 323 Provinciae

402 354 611 390 Marchiae
641 355 829 390 alumnus
856 354 1080 402 aliquando
1111 352 1217 389 fuit»
1240 352 1313 402 (1).

477 419 622 456 Venne
652 417 801 468 quassu
831 419 1025 455 inviatovi
1054 419 1108 454 da
1135 418 1174 454 S.
1201 418 1497 459 Bonaventura,
1523 418 1651 454 allora
1671 417 1894 455 Generale:
1918 416 2019 453 detti
2040 416 2111 452 Sa-

400 485 555 521 cerdoti
584 485 873 533 dipendevano
901 484 1277 520 immediatamente
1315 484 1381 520 dal
1403 483 1619 527 Generale‚
1652 495 1767 520 come
1797 484 1829 520 si
1858 484 1973 530 legge
2000 481 2111 517 nella

400 548 585 586 Cronaca
602 550 668 586 dei
684 549 827 586 XXIV
845 549 1051 586 Generali:
1079 565 1096 581 «
1112 548 1250 585 Frater
1271 548 1470 594 Andreas,
1489 548 1548 584 vir
1567 549 1755 594 devotus,
1774 549 1827 585 ad
1842 553 2023 584 montem
2038 546 2110 582 Al-

397 626 544 651 vernae
574 615 679 651 circa
708 621 891 663 tempora
928 603 1134 661 regitninis
1173 614 1301 650 fratris
1340 614 1652 650 Bonaventurae
1680 613 1894 651 Generalis
1922 611 2106 656 accessit,

398 679 468 715 ubi
497 679 658 716 fratrem
689 680 923 716 Conradum
952 679 1114 727 reperit,
1157 679 1226 727 qui
1261 680 1388 715 multa
1417 685 1571 715 secreta
1601 685 1677 715 etc.
1698 694 1714 712 »
1734 677 1804 729 (2).
1839 679 1872 714 E
1903 689 2009 727 poco
2038 673 2110 725 piu

399 751 505 781 sotto
534 745 643 781 nella
670 753 795 781 stessa
825 744 1035 781 Cronaca:
1076 744 1246 780 «Tertia
1276 756 1371 780 vero
1401 745 1468 780 die
1498 745 1560 780 vel
1591 750 1733 792 quarta
1761 750 1923 793 portata
1951 743 2025 779 fuit
2047 742 2109 778 lit-
2167 754 2169 756 ·

398 816 483 846 tera
511 810 619 847 fratri
648 810 840 847 Conrado
883 810 1169 846 obedientialis
1197 822 1246 846 ex
1282 818 1396 858 parte
1435 808 1661 854 Generalis,
1702 817 1745 846 ut
1782 822 1824 846 se
1862 810 1915 845 ad
1953 820 2109 845 sacrum

399 882 579 912 montem
608 876 810 912 Alvernae
844 881 1070 912 moraturus
1091 875 1177 911 sine
1197 887 1311 911 mora
1332 875 1563 911 transferret
1595 902 2104 912 ........

400 941 450 977 Et
470 942 564 978 ideo
586 942 637 978 de
658 941 801 977 Monte
823 941 1022 977 Alvernae
1044 941 1201 989 scripsit
1222 940 1356 977 dictae
1377 940 1568 977 dominae
1591 940 1879 977 Benevenutae
1898 946 1975 976 etc.
1994 955 2010 972 >›
2032 938 2105 989 (3).

483 1026 523 1030 —
565 1003 653 1039 Fra
682 1001 917 1039 Salc'mbene
947 1001 999 1038 da
1036 1002 1207 1039 Parma.
1245 1026 1269 1029 ψ
1302 1002 1389 1039 Che
1409 1003 1435 1038 il
1457 1003 1616 1039 celebre
1646 1003 1820 1039 cronista
1849 1003 2109 1039 francescano

398 1068 580 1105 visitasse
609 1069 648 1104 la
677 1068 826 1112 Verna,
859 1080 910 1104 ne
940 1068 1068 1104 siamo
1108 1068 1317 1104 assicurati
1356 1069 1408 1104 da
1447 1068 1503 1104 lui
1542 1075 1683 1105 stesso.
1734 1068 1864 1105 «Una
1897 1068 2021 1111 volta,
2053 1068 2109 1104 fa-

399 1134 529 1170 cendo
558 1134 711 1170 ritorno
742 1134 795 1170 da
823 1133 966 1180 Assisi,
1000 1134 1105 1170 dove
1133 1134 1188 1169 mi
1218 1146 1286 1170 era
1316 1139 1477 1182 portato
1508 1146 1579 1182 per
1609 1134 1853 1179 devozione‚
1885 1133 2019 1183 passai
2039 1145 2110 1182 per

400 1206 542 1247 questo
563 1200 685 1247 luogo
708 1199 834 1249 (della
853 1198 1007 1249 Verna)
1028 1229 2105 1237 ................

398 1265 678 1302 Trovandomi
706 1265 773 1301 nel
804 1271 1008 1301 convento
1040 1265 1148 1301 della
1176 1265 1327 1310 Verna,
1360 1266 1493 1302 visitai
1522 1265 1615 1302 tutti
1646 1265 1657 1301 i
1687 1265 1827 1313 luoghi
1857 1265 1995 1301 devoti
2034 1265 2111 1302 che

399 1331 452 1367 ivi
481 1332 512 1367 si
542 1338 735 1377 ἰι-0173110,
770 1343 791 1367 e
823 1331 860 1367 13
888 1331 1106 1367 domenica
1136 1331 1311 1367 celebrai
1342 1331 1380 1367 13
1408 1343 1540 1368 messa
1571 1332 1856 1377 conventuale,
1891 1343 1912 1367 e
1941 1331 2052 1379 dopo
2082 1331 2110 1367 11

399 1397 569 1445 vangelo
599 1397 778 1445 predicai
808 1397 845 1432 al
875 1397 1030 1445 popolo
1070 1403 1316 1442 convenuto‚
1349 1397 1507 1433 uomini
1537 1408 1559 1433 e
1589 1397 1727 1433 donne
1756 1403 1870 1433 etc.»
1895 1394 1969 1444 (4).

478 1460 594 1502 1300.
628 1460 679 1498 Β.
711 1460 920 1498 Giovarmz'
949 1461 1063 1497 della
1109 1460 1261 1499 Verna.
1303 1484 1337 1487 ——
1375 1462 1427 1499 Vi
1457 1460 1616 1499 dimoro
1654 1463 1737 1499 vari
1758 1463 1854 1499 anni
1874 1474 1895 1498 e
1915 1462 1953 1498 vi
1973 1459 2109 1510 riposo

398 1528 464 1564 nel
493 1528 674 1576 Signore.
710 1527 743 1562 ΙΙ
774 1539 847 1563 suo
878 1539 1002 1576 corpo
1032 1528 1146 1575 giace
1177 1534 1284 1564 sotto
1315 1526 1449 1564 l'altar
1480 1529 1684 1576 maggiore
1714 1528 1823 1564 della
1844 1528 1982 1565 chiesa
2001 1528 2110 1576 prin-

399 1594 543 1642 cipale.
576 1593 689 1629 Tutti
719 1593 773 1641 gli
803 1593 948 1637 autori,
983 1593 1058 1629 che
1086 1593 1224 1629 hanno
1256 1593 1393 1630 scritto
1416 1594 1523 1630 della
1544 1593 1694 1639 Verna,
1718 1594 1888 1642 parlano
1909 1594 2018 1629 della
2039 1605 2110 1629 sua

399 1659 556 1695 dimora
585 1659 651 1695 nel
681 1670 793 1695 sacro
824 1658 967 1695 Monte
987 1670 995 1704 ;
1020 1670 1041 1694 e
1061 1659 1169 1695 nella
1191 1659 1300 1695 selva
1321 1659 1358 1695 vi
1380 1671 1481 1695 sono
1513 1660 1593 1695 due
1623 1660 1823 1708 cappelle‚
1847 1665 1973 1696 erette
1996 1659 2110 1695 l’una

398 1726 505 1761 dove
534 1737 601 1761 era
629 1725 655 1760 il
686 1737 759 1761 suo
790 1724 967 1760 oratorio
997 1736 1020 1760 a
1049 1722 1116 1772 pie
1147 1722 1250 1760 d'un
1279 1736 1377 1772 gran
1397 1725 1530 1772 saggio
1560 1737 1582 1761 e
1611 1723 1746 1761 l’altra
1767 1725 1832 1761 nel
1857 1725 1979 1772 luogo
2001 1725 2109 1761 della

397 1791 556 1839 piccola
586 1791 688 1827 cella
718 1790 759 1826 di
789 1790 923 1826 tavole
967 1790 1042 1826 che
1087 1790 1126 1826 10
1169 1790 1354 1838 ospitava
1383 1791 1448 1838 pel
1479 1790 1632 1839 ripOSO.
1667 1790 1789 1826 Nella
1819 1789 2005 1826 Cronaca
2042 1791 2109 1827 dei

398 1856 541 1892 XXIV
572 1855 764 1893 Generali
807 1855 839 1891 si
880 1855 1020 1903 legge:
1062 1854 1189 1901 «Quo
1216 1854 1365 1906 (Fonte
1396 1854 1615 1905 Colombo)
1647 1856 1768 1892 etiam
1799 1856 1941 1892 laudes
1979 1856 2110 1892 homi-

399 1934 495 1957 nurn
533 1921 689 1969 fugiens
718 1927 757 1957 et
786 1921 963 1957 honores
1000 1921 1111 1957 venit
1141 1921 1193 1957 ad
1224 1927 1406 1957 sanctum
1447 1921 1707 1957 Franciscum
1745 1922 1796 1957 de
1835 1921 2040 1958 Baccialla
2069 1922 2111 1958 in

399 1987 592 2024 comitatu
623 1986 829 2024 Cortonae
858 1992 897 2023 et
927 1987 1078 2023 deinde
1100 1987 1321 2023 Alvernam
1382 2017 2105 2024 ...........

400 2053 451 2089 Et
479 2053 535 2089 sic
564 2053 606 2088 in
635 2052 815 2088 Domino
846 2052 1017 2088 feliciter
1046 2064 1154 2089 anno
1185 2053 1342 2089 domini
1372 2052 1657 2089 MCCCXXH
1687 2053 1938 2089 obdormivit
1967 2059 2006 2089 et
2036 2053 2110 2090 fuit

399 2118 454 2154 ibi
482 2118 523 2154 in
554 2118 645 2154 loco
675 2117 877 2153 Alvernae
907 2118 1141 2154 solemniter
1171 2118 1343 2154 traditus
1373 2119 1637 2167 sepulturae»
1659 2117 1730 2168 (5)

478 2184 510 2220 E
540 2184 566 2219 il
596 2183 745 2219 Pisano
765 2196 772 2219 z
805 2199 821 2216 «
838 2183 886 2219 In
907 2184 1019 2220 dicto
1041 2184 1132 2220 loco
1152 2183 1209 2234 (13
1228 2184 1381 2228 Vernal
1404 2184 1509 2221 iacet
1538 2191 1700 2221 sanctus
1721 2184 1839 2221 frater
1859 2184 2037 2234 Joannes
2058 2185 2110 2221 de

400 2250 534 2285 Firmo
555 2256 722 2285 vocatus
743 2249 794 2285 de
815 2249 1006 2294 Alverna,
1031 2250 1090 2285 vir
1120 2250 1333 2286 sanctitate
1354 2250 1549 2286 mirabilis
1579 2256 1618 2286 et
1647 2250 1896 2298 perfectione
1957 2280 1963 2286 .
2027 2280 2034 2287 .
2097 2280 2105 2287 .

400 2315 495 2359 Iste,
528 2315 601 2351 etsi
631 2315 829 2351 oriundus
858 2314 977 2350 fuerit
1016 2315 1067 2351 de
1106 2315 1309 2351 Μ3101113ἢ
1330 2321 1371 2352 et
1410 2316 1460 2351 de
1500 2315 1647 2357 Firmo,
1682 2321 1818 2351 tamen
1846 2316 1899 2352 ad
1929 2321 2108 2351 montem

400 2380 599 2416 Alvernae
629 2379 829 2415 accedens
857 2386 896 2415 et
927 2379 1037 2415 dicto
1072 2380 1164 2416 loco
1204 2380 1500 2428 incorporatus,
1543 2381 1736 2430 deinceps
1775 2381 1893 2417 frater
1930 2380 2111 2430 Joannes

400 2446 451 2481 de
481 2445 657 2481 Alverna
687 2451 747 2481 est
768 2444 932 2481 dictus»
956 2443 1032 2495 (ὁ).

497 2559 545 2599 (1)
573 2558 760 2598 Ὣν3ὀό111ἓ,
788 2560 883 2589 Ann.
919 2567 1020 2599 1213,
1048 2569 1083 2589 n.
1113 2559 1300 2590 XXXVI.

495 2616 548 2660 (2)
574 2618 744 2648 Analecta
768 2618 912 2655 Fama,
942 2619 1042 2649 Tom.
1074 2619 1145 2656 ΙΙΙ,
1174 2629 1252 2659 pag.
1283 2627 1365 2659 421.

498 2678 544 2717 (3)
572 2677 678 2712 llud„
706 2687 783 2717 pag.
814 2676 895 2717 426.

497 2738 544 2777 (4)
579 2736 749 2767 Clzronz'ca
775 2737 834 2767 Fr.
867 2737 1062 2767 Salz‘mbene
1087 2738 1288 2768 Parmenszs
1332 2738 1476 2768 Ordinis
1503 2739 1700 2776 Mz'norum,
1730 2740 1864 2778 Parma,
1898 2740 1999 2781 1857,
2029 2751 2106 2782 pag.

398 2805 520 2837 321-2.
549 2797 672 2826 Presso
697 2796 728 2825 13
761 2796 875 2825 Guz'da
901 2797 1081 2826 illustrata
1105 2798 1198 2826 della
1225 2797 1349 2834 Vana,
1371 2797 1572 2838 Quaracchi,
1598 2805 1700 2838 1907,
1720 2809 1797 2840 pag.
1819 2808 1996 2841 431-432;
2018 2810 2035 2830 e
2052 2811 2107 2831 ve-

399 2857 470 2887 dasi
496 2866 578 2897 pure
604 2855 655 2886 La
683 2856 806 2892 Verna,
827 2866 880 2885 an.
908 2864 1009 2896 1913,
1031 2856 1111 2887 fasc.
1134 2856 1167 2886 di
1185 2856 1308 2897 giugno
1329 2874 1372 2879 ——
1390 2857 1494 2897 luglio
1518 2865 1619 2898 1913,
1641 2858 1797 2890 articolo:
1820 2859 1958 2889 Lettera
1976 2861 2110 2891 inedita

399 2917 438 2945 di
462 2916 499 2946 S.
529 2915 641 2955 Luzgi
664 2915 715 2945 Re
741 2916 778 2944 di
811 2915 975 2946 Francza.

497 2976 543 3015 (5)
573 2975 741 3004 Analecta
766 2975 910 3011 Franc„
938 2975 1037 3005 Tom.
1068 2975 1138 3010 ΙΙΙ,
1167 2985 1244 3015 pag.
1274 2977 1460 3016 445-447).

498 3034 545 3075 (6)
573 3034 680 3070 lbz'd.‚
710 3034 774 3070 IV,
803 3045 878 3075 pag.
912 3034 1065 3075 254-256
1093 3045 1109 3065 e
1140 3042 1219 3075 515.
