2325 3552
436 163 510 197 292
538 133 541 138 1
877 163 916 194 l'.
948 161 1226 198 ZEFFIRINO
1260 161 1480 197 LAZZERI
1511 162 1557 198 O.
1588 164 1631 197 F.
1661 164 1714 198 M.

434 323 606 371 amplius
637 322 887 358 concedente
927 320 1108 356 Domino
1137 326 1332 368 augeatur
1370 327 1409 356 et
1447 328 1708 358 conservetur
1746 322 2020 368 incrementis,
2062 335 2144 372 quo

434 388 586 424 maiore
615 393 890 435 protectorum
920 392 958 422 et
989 386 1251 421 defensorum
1281 386 1464 422 eiusdem
1503 387 1729 422 munimine
1776 387 1895 423 fuerit
1936 389 2140 425 roborata.

431 453 536 489 Sane
566 453 822 489 attendentes
852 451 964 499 quod
985 462 1060 486 nos
1090 449 1180 500 (sic)
1211 451 1263 487 ad
1295 450 1493 488 Ordinem
1522 452 1730 487 Minorum
1769 458 1808 488 et
1844 453 2054 501 presertim
2091 454 2143 490 ad

434 519 563 566 ipsam
592 519 759 554 domum
778 517 828 552 de
859 516 1057 552 Lavernia
1086 516 1297 564 spetialem
1330 517 1468 564 geritis
1498 517 1731 553 devotionis
1761 517 1964 563 affectum,
1997 525 2037 554 et
2065 519 2144 555 sin-

433 584 559 632 gulari
591 584 676 619 zelo
705 582 944 618 desideratis
975 582 1142 618 domum
1173 582 1301 630 ipsam
1335 583 1377 618 in
1415 583 1586 619 edificiis
1625 589 1663 618 et
1702 583 1845 619 ceteris
1884 583 2145 621 Ornamentis

434 648 718 686 ecclesiasticis
756 647 1005 694 augmentari
1045 652 1084 682 et
1123 648 1367 692 conservari,
1409 654 1453 683 ut
1486 660 1536 683 ex
1566 648 1645 683 hoc
1673 648 1801 695 magis
1830 649 1882 684 ad
1912 649 2040 697 ipsam
2071 650 2145 686 do-

433 727 543 750 mum
564 714 745 750 fidelium
776 713 884 748 zelus
914 712 1146 748 devotionis
1174 719 1376 749 accrescat
1405 719 1444 749 et
1475 713 1633 748 Fratres
1664 713 1740 761 ipsi
1779 713 1820 749 in
1849 715 1993 750 eadem
2023 714 2144 751 Altis-

433 780 533 816 simo
568 778 807 815 famulantes
847 777 1102 813 commodius
1142 789 1299 813 servare
1339 778 1496 825 possint
1527 777 1738 825 Regularis
1778 777 2047 815 Observantie
2084 780 2144 815 di-

431 844 657 893 sciplinam,
689 855 760 879 vos
790 848 829 878 et
867 842 1171 878 universitatem
1201 849 1373 879 vestram
1401 855 1448 879 ac
1478 854 1730 879 successores
1769 850 1935 890 vestros,
1969 844 2038 893 qui
2070 856 2143 893 pro

433 917 614 957 tempore
644 908 804 947 fuerint,
837 908 888 943 de
918 919 1090 955 quorum
1130 908 1376 944 discretione
1416 908 1629 956 spetialem
1668 908 1709 944 in
1739 908 1919 945 Domino
1954 910 2144 946 fiduciam

431 975 675 1019 obtinemus,
724 973 877 1021 prefate
911 973 1057 1009 domus
1085 974 1136 1009 de
1165 973 1363 1009 Lavernia
1390 980 1655 1021 protectores,
1695 974 1930 1011 defensores
1959 975 2140 1019 facimus,

431 1040 712 1079 constituimus
743 1045 781 1075 et
809 1039 931 1075 etiam
961 1039 1203 1086 deputamus
1234 1038 1349 1075 vobis
1388 1039 1429 1074 in
1459 1039 1648 1075 omnibus
1677 1045 1716 1075 et
1737 1039 1903 1087 singulis
1940 1039 2144 1088 premissis

432 1114 472 1144 et
500 1108 551 1144 ad
573 1118 620 1142 ea
648 1104 944 1153 pertinentibus
973 1116 1020 1140 ac
1048 1104 1198 1140 fabrice
1228 1104 1353 1152 ipsius
1383 1104 1529 1140 domus
1550 1110 1589 1140 et
1628 1105 1797 1141 ecclesie
1835 1117 1926 1141 cum
1956 1105 2144 1142 omnibus

432 1172 620 1209 membris
649 1171 730 1207 suis
761 1176 799 1206 et
838 1170 1019 1205 omnium
1041 1182 1087 1206 ac
1126 1170 1375 1217 singulorum
1407 1170 1612 1214 localium,
1646 1171 1853 1216 librorum,
1887 1178 2144 1207 ornamento-

388 1259 391 1261 >
431 1251 519 1274 rum
547 1238 597 1273 ad
628 1236 781 1272 cultum
810 1235 1009 1280 divinum,
1042 1235 1094 1271 ad
1126 1235 1254 1282 ipsam
1285 1235 1478 1271 fabricam
1508 1235 1813 1283 pertinentium,
1854 1236 2144 1283 gubernatores

432 1309 471 1340 et
500 1303 733 1339 defensores
764 1302 1004 1336 auctoritate
1034 1301 1261 1348 apostolica
1291 1307 1430 1336 tenore
1459 1300 1708 1348 presentium
1738 1301 1970 1337 facultatem
2006 1307 2045 1337 et
2072 1313 2143 1349 po-

431 1375 619 1404 testatem
650 1366 872 1415 plenariam
905 1366 1191 1402 concedentes.
1217 1365 1331 1401 Nulli
1352 1377 1447 1413 ergo
1471 1366 1637 1402 omnino
1658 1366 1872 1402 hominum
1892 1367 2011 1402 liceat
2029 1366 2144 1403 *hanc

433 1434 620 1482 paginam
649 1438 784 1468 nostre
825 1431 1100 1467 concessionis
1138 1431 1369 1478 infringere,
1402 1431 1464 1467 vel
1487 1432 1524 1467 ei
1554 1443 1654 1467 ausu
1675 1432 1889 1468 temerario
1928 1433 2141 1468 contraire.

433 1500 472 1536 Si
504 1500 593 1547 quis
627 1504 762 1534 autem
793 1497 871 1533 hoc
901 1503 1141 1544 attemptare
1171 1497 1461 1545 presumpserit
1500 1497 1824 1544 indignationem
1854 1498 2146 1546 omnipotentis

433 1565 510 1601 Dei
540 1570 579 1600 et
608 1564 819 1599 beatorum
852 1562 957 1598 Petri
988 1568 1027 1598 et
1049 1562 1164 1598 Pauli
1186 1562 1478 1610 Apostolorum
1510 1563 1595 1598 eius
1626 1574 1667 1598 se
1696 1563 1855 1599 noverit
1874 1563 2139 1599 incursurum.

433 1631 527 1667 Dat.
561 1630 766 1666 Florentie
796 1640 903 1665 anno
935 1628 1231 1664 incarnationis
1263 1628 1481 1664 Dominice
1503 1628 1722 1664 Millesimo
1744 1628 2143 1677 quadringentesimo

431 1696 632 1732 tricesimo
662 1695 819 1743 quinto,
854 1694 906 1730 kl.
943 1694 1093 1737 Martii,
1127 1694 1393 1730 Pontificatus
1422 1694 1548 1730 nostri
1577 1706 1686 1729 anno
1726 1694 1869 1741 quinto
1888 1693 1960 1744 (Ι).

516 1764 574 1797 ro.
600 1761 664 1796 Da
686 1766 828 1808 questo
850 1765 979 1807 punto
1011 1757 1141 1795 l⁷Arte
1164 1759 1272 1795 della
1293 1759 1404 1795 Lana
1436 1757 1457 1795 e
1484 1760 1615 1806 legata
1636 1759 2032 1795 indissolubilmente
2061 1760 2143 1796 alla

430 1827 580 1870 Verna,
612 1838 633 1862 e
665 1826 675 1861 i
705 1825 853 1861 ricordi
884 1837 906 1860 e
936 1825 972 1861 le
1002 1831 1135 1861 tracce
1166 1825 1204 1860 lo
1234 1831 1513 1861 rammentano
1543 1837 1566 1860 a
1594 1825 1686 1860 tutti
1705 1828 1775 1870 (2).
1810 1824 1828 1860 Ι
1850 1824 1957 1861 Frati
1976 1837 2075 1873 pure
2091 1837 2141 1862 ne

429 1892 573 1928 furono
605 1903 761 1938 sempre
793 1891 987 1934 contenti,
1008 1902 1028 1926 e
1050 1889 1260 1926 Salvatore
1283 1890 1432 1934 Vitale,
1458 1890 1573 1938 quasi
1595 1888 1804 1926 cent⁷anni
1825 1890 1936 1938 dopo
1959 1891 1995 1926 la
2025 1902 2141 1938 presa

527 2018 575 2056 (Ι)
605 2016 732 2056 Questa
758 2016 855 2045 Bolla
880 2026 986 2045 venne
1014 2016 1067 2055 gia
1092 2015 1182 2045 edita
1208 2015 1263 2044 dal
1289 2014 1500 2054 VVaddingo,
1529 2016 1629 2045 Toni.
1651 2016 1701 2045 X.
1723 2026 1777 2045 an.
1805 2015 1907 2055 1436,
1927 2026 2007 2045 num
2027 2017 2140 2052 XIX,

429 2076 489 2106 che
515 2077 545 2106 la
572 2076 644 2106 dice
671 2076 749 2105 data
774 2075 796 2105 il
822 2075 931 2115 primo
960 2075 1077 2104 Marzo
1108 2073 1209 2114 1436,
1239 2074 1356 2104 l’anno
1384 2079 1474 2104 sesto
1501 2074 1535 2104 di
1562 2074 1778 2105 Pontificato.
1809 2075 1839 2104 E
1870 2075 1943 2105 dice
1969 2075 2054 2105 bene
2081 2075 2141 2106 che

430 2137 448 2165 ἐ
474 2136 527 2165 del
558 2134 660 2174 1436,
689 2134 811 2175 perche
839 2135 896 2175 qui
923 2134 1079 2174 Eugenio
1106 2144 1206 2174 segue
1232 2134 1255 2163 il
1282 2139 1442 2174 computo
1469 2134 1682 2171 Fiorenffino,
1712 2133 1772 2164 che
1803 2134 2009 2175 principiava
2025 2135 2142 2165 l’anno

431 2195 485 2224 dal
514 2203 553 2235 25
584 2195 712 2230 Mauo,
741 2204 758 2224 e
785 2204 844 2234 per
870 2194 920 2223 cio
948 2193 971 2223 il
998 2194 1107 2233 primo
1135 2203 1245 2223 marzo
1273 2203 1326 2223 era
1351 2203 1473 2223 ancora
1499 2204 1558 2234 per
1584 2193 1630 2223 lui
1657 2193 1680 2223 il
1712 2201 1813 2234 1435,
1834 2193 1962 2224 benche
1988 2194 2021 2224 in
2039 2194 2143 2225 realta

431 2254 519 2284 fosse
546 2254 599 2293 gia
623 2254 646 2283 il
677 2252 777 2293 1436.
809 2252 944 2292 Sbaglia
970 2253 1050 2293 pero
1075 2252 1099 2282 il
1126 2252 1322 2292 &Vaddingo
1349 2263 1367 2281 a
1393 2258 1532 2283 mettere
1559 2263 1649 2282 anno
1674 2257 1779 2290 sexto,
1816 2252 1938 2293 perche
1970 2253 2005 2283 in
2038 2253 2141 2284 realta

429 2313 452 2342 il
480 2314 587 2353 primo
614 2314 730 2343 Marzo
762 2312 865 2353 1436,
894 2323 962 2342 non
989 2323 1045 2342 era
1071 2312 1130 2342 che
1157 2310 1434 2352 l’annobquinto.
1464 2312 1584 2342 Anche
1610 2311 1801 2352 l'originale
1833 2313 1865 2342 di
1892 2318 2012 2353 questa
2045 2313 2142 2343 Bolla

429 2373 457 2402 si
484 2383 644 2402 conserva
668 2372 721 2402 nel
747 2372 966 2412 diplomatico
1001 2371 1171 2402 dell'Arte
1201 2371 1288 2401 della
1324 2372 1428 2407 Lana,
1465 2377 1556 2401 sotto
1585 2372 1614 2402 la
1649 2383 1708 2402 sua
1743 2372 1832 2408 data,
1862 2372 1903 2402 ed
1929 2373 1946 2402 e
1972 2383 2054 2413 pure
2086 2373 2141 2403 nel

430 2432 586 2461 Bollarz'o
612 2431 772 2472 delfisco
799 2431 829 2461 al
856 2431 936 2471 fogl.
967 2441 1023 2471 44.
1053 2431 1140 2461 Esso
1168 2430 1211 2460 ha
1236 2430 1267 2460 la
1293 2430 1383 2460 bolla
1408 2431 1442 2460 in
1469 2430 1526 2461 filo
1547 2431 1579 2461 di
1607 2437 1690 2468 seta,
1713 2441 1729 2461 e
1756 2431 1786 2461 le
1820 2431 2008 2461 iscrizioni:
2052 2432 2139 2462 Gra-

428 2492 472 2520 ta‘s
498 2492 538 2519 de
565 2491 725 2520 mandato
751 2491 783 2520 d.
815 2492 926 2520 nostri
949 2491 1053 2529 Pape.
1084 2508 1127 2511 —
1154 2490 1198 2520 A.
1228 2490 1268 2519 de
1299 2490 1477 2519 Florentia
1504 2508 1547 2513 ——-
1574 2490 1619 2521 A.
1641 2492 1680 2520 de
1713 2491 1930 2531 Guadczgm's.
1962 2508 2005 2513 -
2032 2491 2137 2532 Regi-

427 2553 540 2579 πνιγέα
567 2550 603 2578 2'12
636 2549 780 2578 Canzercz
806 2550 1014 2588 Apostolz'ca.
1045 2568 1089 2571 —
1116 2549 1228 2579 Missa
1255 2551 1291 2578 z‘n
1319 2549 1417 2579 libro.

525 2609 600 2638 Due
627 2609 722 2648 copie
748 2608 781 2638 di
808 2614 926 2649 questa
953 2608 1137 2638 medesima
1163 2608 1261 2638 Bolla
1289 2618 1373 2638 sono
1400 2619 1482 2649 pure
1509 2609 1598 2639 nella
1630 2608 1781 2639 Cassetta
1810 2613 1885 2639 loa.
1915 2607 1984 2639 N.⁰
2020 2609 2057 2647 V,
2086 2610 2139 2640 dei

431 2667 530 2698 MSS.
562 2667 784 2708 Capponiani‚
814 2678 830 2697 e
856 2668 889 2697 in
910 2668 1013 2697 fondo
1040 2678 1058 2697 a
1084 2668 1240 2697 ciascuna
1265 2667 1363 2708 copia
1388 2668 1421 2697 vi
1447 2669 1464 2698 e
1491 2668 1521 2698 la
1546 2674 1647 2699 nota:
1677 2670 1711 2698 A
1738 2668 1771 2698 di
1808 2675 1848 2708 25
1878 2670 2011 2708 Agosto
2034 2669 2135 2707 1718.
2185 2687 2187 2689 -

430 2728 581 2757 Estratta
606 2726 636 2756 la
662 2732 816 2767 presente
843 2727 949 2767 Copia
975 2727 1017 2756 da
1050 2727 1136 2757 altra
1170 2727 1289 2767 Copia,
1325 2738 1345 2757 o
1380 2727 1434 2756 dal
1462 2728 1564 2758 Libro
1598 2728 1768 2758 intitolato
1801 2728 1960 2758 Bollarz‘o
1988 2725 2049 2758 2d0
2075 2729 2137 2759 esi-

429 2791 537 2816 stente
564 2785 650 2815 nella
677 2785 871 2815 cancelleria
901 2786 1069 2816 dell'Arte
1104 2786 1192 2816 della
1226 2787 1320 2816 Lana
1354 2786 1388 2816 di
1422 2787 1563 2817 Firenze
1598 2798 1616 2816 a
1651 2786 1717 2827 478
1754 2787 1787 2817 in
1824 2787 1920 2817 fede:
1964 2788 2138 2818 Tommaso

431 2847 606 2876 illacrima*
644 2844 862 2875 Cancelliere'.

525 2900 573 2944 (2)
603 2901 633 2930 E
660 2901 715 2940 poi
741 2901 772 2930 lo
800 2907 1030 2931 rammentano
1057 2901 1141 2931 tanti
1168 2901 1362 2932 documenti
1393 2903 1499 2942 sparsi
1526 2913 1585 2943 per
1618 2902 1662 2942 gli
1697 2901 1852 2938 Archivi‚
1883 2903 1993 2943 specie
2020 2903 2054 2932 di
2080 2903 2137 2933 Fi-

428 2971 537 2990 renze.
568 2959 674 3000 Sopra
700 2965 788 2990 tutto
815 2960 953 2989 sarebbe
981 2965 1067 2990 stato
1095 2961 1182 2990 forse
1208 2961 1428 2991 interessante
1455 2961 1478 2991 il
1506 2962 1662 2992 fascicolo
1690 2962 1860 2992 [Memoria
1895 2962 1987 2991 della
2020 2962 2136 2992 Prote-

428 3021 521 3049 κίοιτε
546 3023 648 3058 sopra
674 3020 702 3048 il
717 3019 835 3049 Monte
852 3019 1109 3055 dell’Alvemza,
1131 3019 1216 3050 della
1241 3019 1315 3050 filza
1333 3020 1399 3060 462
1420 3020 1589 3051 dell’Arte
1616 3021 1703 3051 della
1723 3022 1826 3057 Lana,
1855 3031 1909 3051 ma
1950 3026 2137 3063 purtroppo

427 3089 503 3109 esso
530 3079 546 3108 ὲ
573 3078 697 3108 andato
724 3078 880 3118 perduto,
909 3088 976 3108 non
1003 3078 1142 3108 facendo
1169 3080 1229 3119 piu
1255 3085 1348 3119 parte
1375 3079 1462 3110 della
1489 3079 1563 3110 filza
1588 3080 1784 3110 medesima.
