2325 3552
515 234 583 268 LA
612 233 805 274 VERNA,
835 234 889 268 IL
920 232 1134 269 COMUNE
1167 234 1224 267 DI
1255 233 1480 269 FIRENZE
1514 233 1623 267 EGO.
1849 234 1923 267 283

216 393 384 440 singulis
412 393 545 438 rebus,
579 392 732 428 iuribus
762 397 802 428 et
831 391 1084 440 pertinentiis
1115 391 1210 435 suis,
1244 391 1398 427 eisdem
1429 391 1614 427 fratribus
1643 390 1853 427 restituere
1892 395 1930 425 et

215 457 419 505 assignare
450 457 611 501 curetis,
644 457 886 492 inducentes
906 456 998 492 illos
1019 456 1060 491 in
1081 467 1216 491 veram
1235 455 1536 503 possessionem
1558 455 1636 491 loci
1657 454 1867 503 praedicti,
1892 459 1931 489 et

217 522 483 558 defendentes
513 522 715 567 inductos,
749 526 904 557 remoto
935 521 984 556 ab
1017 532 1066 556 eo
1095 520 1279 568 quolibet
1303 520 1444 556 illicito
1466 520 1693 556 detentore.
1719 518 1932 556 Contradi-

218 592 350 622 ctores
378 587 581 635 quoslibet
611 592 651 622 et
679 586 850 622 rebelles
880 597 949 633 per
979 597 1192 621 consuram
1223 585 1541 620 ecclesiasticam
1572 590 1612 620 et
1641 584 1719 620 alia
1749 584 1844 619 iuris
1872 595 1932 619 re-

218 651 354 687 media
383 652 693 699 compellentes:
726 651 768 686 in
801 650 914 686 cuius
952 650 1009 686 rei
1048 650 1327 686 testimonium
1373 655 1412 685 et
1454 649 1637 685 omnium
1682 661 1853 697 quorum
1893 653 1933 684 et

218 716 333 765 cujus
362 716 457 752 inde
487 716 652 752 interest
681 721 720 752 et
749 715 942 751 interesse
972 715 1120 763 poterit
1149 714 1437 750 rectitudinem
1460 720 1499 750 et
1520 714 1744 758 cautelam;
1768 713 1841 749 has
1861 724 1933 748 no-

219 785 318 816 stras
346 786 530 828 patentes
559 780 739 816 mandati
769 779 921 824 Nostri,
946 780 1027 815 imo
1058 780 1190 815 verius
1221 779 1465 827 Apostolici,
1498 779 1648 814 litteras
1679 778 1827 814 exinde
1848 777 1932 813 fieri

219 844 384 881 fecimus
414 844 636 893 Nostrique
667 844 915 881 Pontificalis
945 850 985 880 et
1015 843 1299 880 Cardinalatus
1321 843 1449 890 Sigilli
1472 843 1661 879 iussimus
1682 842 1933 891 appensione

223 919 384 943 muniri.

309 987 325 1004 «
341 971 492 1008 Datum
523 972 677 1008 Romae
707 972 749 1007 in
772 972 913 1007 Monte
933 971 1113 1020 Jordano
1135 971 1325 1007 domibus
1346 970 1520 1006 Nostrae
1540 970 1800 1014 residentiae,
1825 981 1931 1005 anno

221 1048 246 1072 a
265 1037 474 1072 nativitate
491 1037 572 1072 Dfii
591 1036 875 1081 MCDXXXI,
892 1036 1116 1072 indictione
1133 1047 1255 1079 nona,
1275 1035 1341 1071 die
1359 1046 1453 1070 vero
1471 1034 1662 1070 XXVIII
1680 1034 1832 1070 Mensis
1850 1034 1935 1070 No-

222 1101 409 1147 vembris,
442 1101 706 1138 Pontificatus
735 1101 983 1137 Sanctissimi
1014 1101 1055 1136 in
1084 1100 1245 1137 Christo
1275 1100 1404 1136 Patris
1426 1105 1465 1135 et
1486 1099 1568 1135 Dfii
1591 1099 1731 1135 Nostri
1753 1099 1834 1134 Dni
1855 1099 1935 1134 Eu-

223 1166 345 1213 genii,
379 1166 518 1202 divina
546 1166 805 1215 providentia
835 1166 971 1214 Papae
1003 1164 1162 1211 Quarti,
1195 1176 1303 1201 anno
1334 1165 1465 1212 primo
1484 1165 1553 1210 (1).

332 1230 378 1266 L.
415 1233 459 1277 »14
493 1231 532 1268 S.
566 1231 689 1279 pend.

309 1367 371 1403 Ed
400 1379 497 1403 ecco
528 1380 596 1404 ora
627 1368 664 1403 la
693 1368 832 1403 lettera
861 1368 928 1403 del
958 1367 1010 1403 de
1030 1366 1194 1410 Tarsfis,
1219 1366 1383 1402 lasciate
1412 1365 1499 1401 solo
1530 1365 1565 1400 le
1586 1364 1740 1400 infinite
1770 1364 1939 1400 formule

227 1432 563 1476 cancelleresche,
597 1432 671 1468 che
699 1444 782 1468 non
812 1432 948 1468 hanno
979 1443 1104 1480 scopo
1133 1443 1203 1479 per
1230 1431 1314 1467 noi.

309 1577 346 1615 C).
387 1583 402 1599 «
421 1567 680 1604 Hludovicus
697 1568 747 1604 de
768 1568 920 1603 Tarsiis
941 1568 1197 1603 decretorum
1218 1566 1375 1610 doctor,
1400 1565 1632 1601 Canonicus
1653 1564 1937 1607 Bononiensis,

229 1630 425 1668 Camerae
453 1632 717 1680 Apostolicae
747 1632 941 1676 Clericus,
965 1632 1144 1667 officium
1165 1630 1446 1666 Auditoriatus
1467 1629 1612 1666 Curiae
1634 1641 1844 1665 causarum
1865 1627 1940 1665 Ca-

230 1708 364 1733 merae
394 1697 656 1745 Apostolicae
685 1709 840 1745 regens.
873 1697 1186 1733 Venerabilibus
1216 1701 1255 1731 et
1293 1694 1593 1742 circumspectis
1633 1694 1726 1730 viris
1765 1693 1942 1729 dominis

232 1760 365 1798 Rendi
394 1763 435 1798 in
465 1762 624 1799 Christo
656 1762 784 1798 Patris
814 1768 854 1798 et
883 1761 1051 1798 Domini
1082 1760 1250 1797 Domini
1272 1760 1581 1807 Archiepiscopi
1602 1759 1843 1803 Florentini,
1867 1770 1941 1794 nec

231 1838 314 1863 non
345 1827 677 1864 Reverendorum
708 1828 748 1863 in
779 1827 939 1864 Christo
970 1826 1134 1862 Patrum
1164 1825 1354 1861 Fesulani
1383 1830 1422 1860 et
1451 1823 1606 1860 Aretini
1628 1823 1938 1872 Episcoporum,

231 1898 272 1927 et
302 1892 516 1941 cujuslibet
545 1880 723 1940 ipsorum
755 1893 795 1928 in
817 1892 1091 1940 spiritualibus
1120 1890 1308 1934 Vicariis,
1341 1889 1584 1925 officialibus
1604 1889 1874 1936 generalibus,
1897 1900 1944 1924 ac

233 1956 428 1993 universis
458 1963 497 1993 et
527 1958 694 2005 singulis
724 1956 1024 1993 Parochialium
1046 1955 1320 1991 Ecclesiarum
1342 1954 1584 1990 Rectoribus
1606 1959 1645 1989 et
1666 1953 1941 2001 Cappellanis,

233 2020 393 2058 Curatis
424 2028 463 2058 et
490 2034 573 2058 non
602 2022 777 2066 Curatis,
811 2021 1074 2069 Presbyteris,
1109 2020 1291 2064 Clericis‚
1334 2019 1515 2055 Notariis
1555 2024 1593 2054 et
1632 2018 1943 2054 Tabellionibus

233 2087 434 2134 pubblicis
464 2088 803 2135 quibuscumque,
836 2098 997 2122 necnon
1027 2084 1286 2129 Guardianis,
1322 2083 1527 2119 Prioribus
1558 2089 1596 2118 et
1626 2083 1829 2130 Magistris
1850 2094 1945 2118 con-

235 2157 430 2187 ventuum
459 2151 643 2188 Fratrum
673 2152 895 2196 Minorum,
928 2151 1274 2193 Praedicatorurn,
1307 2148 1672 2196 Augustinensium
1694 2152 1733 2183 et
1754 2146 1946 2183 Carmeli-

235 2222 380 2261 tarum,
400 2229 471 2264 per
486 2217 669 2253 civitates
689 2217 918 2253 Florentiae
939 2222 978 2252 et
999 2215 1191 2251 Aretinae
1211 2220 1251 2250 et
1271 2214 1496 2250 Fesulanae
1513 2213 1761 2248 Dioeceseos
1778 2213 1840 2248 vel
1857 2212 1946 2248 aliis

236 2281 409 2317 ubilibet
439 2282 683 2318 constitutis.
717 2288 757 2318 et
788 2281 953 2318 cuilibet
984 2293 1123 2317 corum
1153 2280 1193 2315 in
1214 2280 1404 2322 solidum,
1438 2279 1490 2314 ad
1524 2289 1643 2325 quem
1672 2277 1735 2313 vel
1761 2278 1813 2313 ad
1843 2288 1946 2325 quos

237 2353 470 2394 praesentes
498 2353 660 2383 nostrae
681 2347 837 2382 litterae
858 2345 1128 2394 pervenerint,
1152 2345 1323 2381 salutem
1346 2344 1386 2378 in
1407 2343 1588 2379 Domino
1610 2348 1648 2378 et
1668 2342 1948 2390 praesentibus

239 2411 361 2448 fidem
390 2412 600 2448 indubiam
629 2412 837 2448 adhibere.

327 2477 438 2513 «Pro
465 2483 579 2525 parte
610 2477 804 2524 Religiosi
834 2482 873 2512 et
903 2475 1065 2512 honesti
1096 2475 1168 2510 viri
1198 2474 1262 2511 Fr.
1295 2472 1501 2509 Francisci
1531 2471 1735 2508 Francisci
1766 2471 1817 2506 de
1855 2471 1947 2507 Flo-

338 2653 385 2691 (1)
403 2652 530 2692 Questa
546 2652 663 2682 lettera
689 2652 723 2681 fu
740 2651 792 2691 gia
810 2651 900 2681 edita
913 2650 956 2680 da
973 2650 1037 2680 Fra
1057 2649 1228 2679 Salvatore
1247 2647 1372 2684 Vstale,
1389 2647 1456 2688 Op.
1474 2647 1547 2681 cit.‚
1568 2655 1665 2686 pagg.
1697 2643 1843 2684 227-29)
1859 2654 1876 2674 e
1894 2644 1948 2674 dal

239 2712 279 2742 P.
309 2711 476 2741 Flaminio
501 2711 664 2741 Annibali
690 2711 731 2740 da
758 2711 879 2740 Latera
904 2709 958 2739 nel
977 2709 1266 2748 Supplementum
1284 2707 1315 2736 al
1332 2706 1481 2736 Bollario
1500 2704 1588 2735 dello
1606 2703 1789 2743 Sbaraglia,
1811 2714 1829 2733 a
1847 2713 1945 2743 pagg.

241 2770 339 2810 96-7,
367 2771 409 2800 da
434 2770 598 2800 ambedue
625 2780 722 2810 presa
747 2768 995 2799 dall’Archivio
1021 2767 1108 2797 della
1136 2767 1259 2796 Verna.
1289 2765 1416 2796 Vedasi
1443 2763 1547 2794 anche
1574 2763 1624 2793 La
1660 2762 1772 2792 Verna
1797 2772 1851 2792 an.
1872 2762 1945 2797 cit.,

242 2840 334 2860 num.
364 2838 398 2869 9,
428 2839 503 2870 pag.
535 2836 614 2869 531.
644 2828 851 2868 L’originale
877 2828 895 2858 e
921 2837 979 2856 ora
1005 2836 1120 2867 presso
1146 2825 1169 2855 il
1195 2826 1236 2855 P.
1277 2824 1459 2854 Saturnino
1486 2821 1710 2857 Meneherini‚
1740 2820 1800 2851 che
1827 2831 1880 2850 me
1906 2831 1947 2850 ne

242 2888 284 2919 ha
309 2889 450 2919 favorita
475 2898 542 2918 una
567 2888 675 2928 copia,
704 2897 766 2917 con
793 2886 905 2916 avanti
931 2885 961 2915 la
987 2885 1131 2920 rubrica,
1160 2884 1220 2914 che
1246 2884 1346 2913 credo
1373 2883 1459 2913 della
1485 2887 1564 2912 nota
1592 2880 1738 2916 dorsale,
1777 2880 1949 2913 sordemus
1981 2912 1984 2913 7

244 2948 435 2987 Episcopus
461 2948 661 2978 Sabine-usis
689 2947 725 2976 S.
746 2946 790 2975 R.
814 2945 855 2975 E.
885 2945 1082 2975 cardinalis
1100 2944 1141 2973 de
1164 2943 1302 2974 Orsz'm's
1318 2943 1410 2972 lllz'n.
1432 2942 1619 2975 Protector,
1649 2942 1853 2968 auctoritate
1870 2943 1947 2978 apo-

243 3008 374 3043 stolica,
393 3007 547 3043 mandat,
568 3006 630 3035 sub
643 3009 756 3045 poena
770 3003 1146 3038 excommunicationis,
1163 3005 1204 3031 ut
1221 3002 1258 3031 S.
1277 3001 1404 3031 Locum
1422 3000 1474 3030 M.
1493 2999 1668 3028 Alvernae
1687 3007 1765 3026 cum
1792 2998 1950 3027 omnibns

244 3066 357 3102 rebus,
371 3066 508 3095 iuribus
524 3065 789 3104 etpertinentl'z's
806 3064 879 3093 suis
898 3063 1109 3092 restituatur
1125 3061 1312 3090 Fratribus
1338 3060 1543 3089 strictiorem
1572 3057 1744 3097 Regulam
1770 3056 1949 3085 observan-

246 3126 348 3155 tibus.
