2325 3552
396 197 723 234 PERSONAGGI
754 196 908 232 SANTI
938 196 1009 230 ED
1038 195 1283 229 ILLUSTRI
1314 193 1455 227 ALLA
1487 194 1668 229 VERNA
1806 194 1880 227 325

260 357 352 405 Agli
381 355 515 392 Actus
544 355 652 391 tiene
680 354 749 403 poi
770 353 901 390 dietro
922 353 999 389 Fra
1020 353 1279 389 Bartolomeo
1309 352 1362 388 da
1391 351 1497 395 Pisa,
1531 352 1557 387 il
1588 351 1707 400 quale
1725 350 1878 387 scrive:

189 422 398 469 «Quando
430 421 578 456 Beatus
605 419 842 456 Franciscus
863 419 914 454 ad
935 425 1116 454 montem
1145 417 1348 453 Alvernae
1367 403 1556 465 perrexit,
1589 416 1753 452 fratrem
1781 414 1884 451 Leo-

181 499 274 523 nem
302 498 439 523 secum
459 498 550 522 cum
580 485 697 520 fratre
727 483 914 519 Massaeo
943 489 983 518 et
1012 482 1130 518 fratre
1160 482 1317 529 Angelo
1347 481 1474 516 milite
1504 481 1632 525 duxit,
1666 486 1705 516 et
1735 479 1810 516 sibi
1842 479 1883 514 in

182 553 269 600 ipso
299 557 450 596 monte,
483 550 665 599 quandiu
695 549 818 592 stetit,
852 548 1025 583 fideliter
1054 547 1271 583 deservivit
1289 544 1400 596 (1)».

259 615 508 652 Similmente
528 628 535 651 :
568 630 584 648 «
600 614 723 650 Hunc
756 613 847 661 (Fra
867 611 1041 661 Angelo)
1064 613 1207 648 beatus
1227 612 1464 648 Franciscus
1485 623 1576 647 curn
1605 611 1723 646 fratre
1744 609 1885 645 Leone

180 687 219 717 et
238 681 356 718 fratre
389 680 575 717 Massaeo
604 679 820 727 assumpsit
839 678 881 714 in
902 678 1071 721 socium,
1097 677 1263 726 quando
1292 678 1423 725 primo
1452 677 1505 713 ad
1523 688 1679 712 sacrum
1701 680 1883 711 montem

181 745 382 782 Alvernae
411 745 595 789 accessit,
629 750 668 780 et
696 744 752 780 ibi
782 756 874 780 cum
904 755 952 780 eo
983 743 1092 779 stetit
1122 749 1162 778 et
1191 742 1264 778 fuit
1281 741 1355 792 (2).

258 831 311 835 —
331 808 364 844 E
385 808 424 844 in
445 808 588 843 ultimo
608 820 615 843 :
646 806 745 842 «Ad
766 818 886 854 quem
907 806 1042 841 locum
1080 804 1136 854 (la
1156 803 1307 854 Verna)
1338 805 1435 840 dum
1473 805 1616 840 beatus
1646 802 1886 839 Franciscus

179 879 361 922 pergeret
389 885 482 909 cum
512 874 630 909 fratre
659 872 862 916 Massaeo,
895 871 1013 907 fratre
1042 870 1180 906 Leone
1209 875 1248 906 et
1277 870 1395 905 fratre
1425 869 1583 916 Angelo
1614 880 1696 904 ecc.
1718 866 1828 917 (3)».

260 960 306 965 -
339 939 458 974 Nella
486 937 670 974 Cronaca
698 937 764 972 dei
793 936 1080 984 Ventiquattro
1111 934 1302 972 Generali
1332 935 1363 971 si
1394 935 1508 982 legge
1537 934 1579 970 di
1608 934 1685 969 Fra
1713 932 1882 969 Leone:

187 1002 301 1040 «Hic
328 1003 447 1039 trater
475 1002 558 1039 Leo
588 1008 672 1039 erat
710 1014 801 1038 cum
839 1002 958 1037 beato
998 1001 1229 1044 Francisco,
1263 1000 1430 1048 quando
1462 1000 1503 1035 in
1535 1000 1694 1035 deserto
1727 998 1882 1034 Montis

177 1067 392 1104 Alverniae
422 1067 595 1103 faciebat
623 1065 985 1113 Quadragesimam
1014 1066 1056 1101 in
1085 1065 1283 1101 honorem
1313 1064 1546 1112 archangeli
1576 1063 1805 1106 Michaelis,
1840 1068 1881 1098 et

179 1132 344 1181 quando
373 1132 448 1169 sibi
476 1132 670 1180 impressa
698 1131 858 1167 fuerunt
888 1131 1073 1178 stigmata
1102 1129 1196 1179 Jesu
1227 1129 1375 1166 Christi
1398 1128 1470 1179 (4).

256 1220 309 1224 —
337 1198 390 1234 Di
421 1197 497 1234 Fra
528 1196 677 1233 Rufino
705 1202 896 1233 racconta
926 1197 963 1232 la
991 1195 1214 1232 medesima
1244 1195 1455 1231 Cronaca:
1498 1209 1514 1227 «
1531 1194 1636 1231 Cum
1656 1198 1791 1229 autem
1822 1204 1883 1228 se-

178 1264 257 1299 mel
287 1263 428 1299 beatus
457 1262 694 1299 Franciscus
722 1262 763 1297 in
791 1267 929 1298 monte
969 1261 1188 1297 Alverniae
1217 1261 1258 1296 in
1290 1260 1468 1308 quadam
1499 1260 1694 1308 spelunca
1734 1263 1882 1302 oraret,

179 1328 293 1364 multi
324 1329 543 1365 daemones
580 1328 789 1364 venientes
826 1327 1094 1375 proiiciebant
1133 1326 1289 1374 lapides
1327 1326 1437 1361 iuxta
1467 1337 1574 1369 eum,
1606 1330 1649 1359 ut
1670 1324 1803 1371 ipsum
1833 1323 1883 1358 ab

181 1394 376 1431 orationis
405 1394 540 1430 studio
570 1393 861 1441 perturbarent.
897 1391 999 1428 Cum
1029 1404 1123 1428 vero
1154 1392 1271 1427 frater
1292 1390 1463 1426 Rufinus
1483 1391 1534 1426 ad
1558 1390 1692 1425 locum
1723 1388 1838 1423 illum
1861 1399 1884 1423 a

179 1471 274 1496 casu
304 1459 540 1503 declinaret,
582 1458 769 1494 clamavit
798 1470 821 1494 a
852 1459 971 1505 longe
1008 1469 1120 1494 more
1159 1457 1279 1493 solito
1310 1457 1477 1492 dicens:
1520 1455 1658 1491 «Laus
1689 1459 1729 1490 et
1762 1454 1886 1489 bene-

180 1525 306 1561 dictio
336 1525 385 1561 sit
404 1523 585 1560 Domino
614 1523 705 1559 Deo
727 1529 864 1559 nostro
883 1521 958 1573 (5).

257 1612 310 1616 —
337 1589 376 1626 S.
410 1589 707 1633 Bonaventura‚
739 1589 850 1636 dopo
871 1589 909 1624 la
928 1587 1180 1624 descrizione
1209 1587 1318 1623 della
1348 1586 1613 1635 impressione
1643 1585 1751 1621 delle
1772 1594 1884 1620 sacre

178 1655 359 1700 Stimate,
392 1654 483 1691 dice
509 1654 584 1691 che
614 1654 653 1691 S.
686 1653 926 1698 Francesco,
959 1653 1162 1689 dubbioso
1193 1664 1234 1689 se
1264 1653 1436 1688 dovesse
1466 1652 1596 1688 celare
1617 1662 1641 1686 o
1671 1650 1728 1686 far
1748 1649 1886 1697 palese

179 1721 206 1757 il
236 1721 371 1757 favore
401 1720 614 1768 singolare,
645 1716 751 1755 riuni
781 1719 942 1755 intorno
972 1730 995 1754 a
1025 1716 1066 1754 se
1096 1718 1107 1753 i
1138 1717 1366 1766 Compagni
1394 1729 1465 1765 per
1494 1716 1658 1753 chieder
1680 1716 1766 1751 loro
1789 1725 1884 1749 con-

180 1787 322 1834 siglio;
355 1792 414 1822 tra
442 1786 454 1822 i
484 1784 594 1834 quali
623 1797 690 1821 era
719 1784 794 1821 Fra
824 1784 1072 1820 Illuminato:
1114 1783 1320 1819 «Vocavit
1348 1782 1521 1830 proinde
1550 1781 1710 1829 aliquos
1741 1791 1790 1815 ex
1810 1778 1886 1814 fra-

177 1852 319 1898 tribus,
343 1858 383 1888 et
401 1852 657 1899 generalibus
686 1850 818 1886 verbis
847 1850 1034 1898 loquens,
1068 1849 1237 1885 dubium
1259 1860 1394 1885 coram
1416 1848 1472 1884 eis
1493 1846 1705 1895 proposuit
1726 1850 1765 1880 et
1787 1855 1884 1879 con-

181 1917 314 1953 silium
341 1917 564 1965 requisivit.
606 1915 786 1963 Quidam
823 1927 918 1952 vero
957 1927 1007 1951 ex
1045 1915 1265 1958 Fratribus,
1297 1914 1425 1961 gratia
1453 1912 1721 1948 z‘llmnz'natus
1750 1912 1789 1945 et
1816 1921 1884 1944 no·

181 1983 303 2026 mine,
336 1982 577 2029 intelligens,
611 1981 722 2029 quod
752 1981 887 2029 aliqua
918 1980 1101 2016 miranda
1130 1980 1311 2023 vidisset,
1344 1990 1416 2027 pro
1448 1990 1496 2014 eo
1526 1977 1637 2025 quod
1672 1975 1886 2010 videbatur

180 2047 401 2083 admodum
431 2047 691 2096 stupefactus,
725 2046 827 2082 dixit
855 2046 907 2082 ad
938 2046 1067 2081 virum
1097 2051 1307 2082 sanctum.
1333 2073 1339 2080 .
1363 2073 1371 2080 .
1396 2042 1469 2093 (ὁ).

261 2111 295 2147 ΙΙ
323 2124 445 2148 nome
473 2112 514 2148 di
544 2112 619 2148 Fra
648 2112 840 2148 Silvestro
871 2112 909 2147 lo
931 2111 1129 2147 troviamo
1160 2110 1410 2154 finalmente,
1444 2108 1613 2144 insieme
1644 2106 1696 2142 ad
1726 2104 1815 2141 altri
1835 2104 1885 2139 ri-

181 2177 336 2214 cordati
363 2174 608 2213 nell’Addt'o
639 2176 680 2212 di
709 2176 747 2212 S.
782 2176 1005 2212 Francesco
1035 2176 1114 2211 alla
1143 2174 1279 2211 Verna
1297 2174 1370 2223 (7).

269 2238 454 2278 «Ordino
483 2246 523 2277 et
550 2241 705 2289 impose
735 2253 758 2277 a
785 2241 855 2277 noi
876 2241 1163 2288 Frat'Angelo,
1189 2240 1264 2276 Fra
1291 2239 1499 2283 Silvestro‚
1534 2235 1884 2273 Frat'Illuminato

181 2312 221 2343 et
249 2306 324 2343 Fra
344 2307 523 2351 Masseo,
546 2306 620 2342 che
641 2307 866 2343 havessimo
888 2306 1062 2354 speciale
1083 2317 1178 2342 cura
1199 2305 1264 2341 del
1283 2305 1403 2352 luogo
1425 2304 1530 2340 dove
1552 2313 1733 2339 successe
1751 2300 1885 2348 quella

181 2384 279 2420 gran
305 2372 537 2419 meraviglia
566 2371 673 2407 della
701 2371 966 2419 impressione
996 2371 1103 2407 delle
1133 2370 1294 2407 Sacrate
1323 2368 1517 2417 Stigmate
1534 2383 1569 2404 ».

260 2459 308 2464 -—
327 2435 662 2484 [protomartiri
686 2436 969 2485 jt-ancescanz‘.
1004 2457 1042 2460 —
1079 2435 1143 2471 Ne
1173 2435 1210 2471 fa
1240 2434 1332 2471 fede
1352 2434 1378 2469 il
1400 2434 1446 2470 P.
1481 2433 1688 2469 Salvatore
1718 2430 1881 2466 Vitale:

279 2618 328 2657 (1)
356 2617 408 2647 De
442 2616 685 2647 Conformitate
718 2616 806 2646 vitae
841 2616 937 2646 Beati
977 2615 1148 2646 Francisci
1181 2616 1223 2645 ad
1262 2615 1377 2645 Vitam
1412 2613 1552 2644 Domini
1582 2612 1676 2652 Jesu,
1705 2616 1787 2641 tom.
1818 2609 1883 2645 IV,

182 2688 257 2718 pag.
291 2676 367 2707 188.
396 2675 454 2705 Ad
480 2675 593 2706 Claras
619 2678 751 2716 Aquas,
784 2675 885 2715 1906.

279 2737 330 2775 (2)
356 2734 463 2771 libid„
492 2745 567 2775 pag.
600 2743 678 2775 193.

279 2792 330 2838 (3)
356 2794 459 2830 ibid„
487 2794 586 2824 Tom.
607 2794 640 2824 V
668 2794 803 2833 (1912),
831 2804 906 2835 pag.
937 2793 1017 2833 387.

277 2850 328 2896 (4)
355 2853 523 2883 Analecta
549 2853 693 2889 Franc.,
723 2854 820 2883 Tom.
852 2853 922 2890 III,
951 2863 1026 2894 pag.
1058 2851 1114 2893 65.

279 2910 332 2955 (5)
358 2912 464 2949 Ῐόίᾱ.,
491 2922 567 2952 pag.
598 2912 656 2951 48.

278 2968 330 3014 (6)
356 2970 516 3011 Legenda
543 2971 579 3001 S.
609 2970 799 3006 Francz'scz}
828 2970 909 3011 Cap.
939 2971 1048 3000 XIII.
1078 2970 1145 3010 Op.
1175 2970 1287 3000 omnia
1312 2975 1337 3000 t.
1358 2969 1462 3005 VIII,
1491 2967 1549 2998 Ad
1574 2966 1686 2997 Claras
1706 2967 1835 3004 Aquas.

280 3031 327 3069 (7)
356 3030 420 3060 Per
445 3030 469 3060 il
494 3030 605 3070 quale,
625 3040 642 3060 e
669 3040 727 3070 per
753 3029 783 3059 le
810 3029 1013 3059 discussioni
1039 3029 1092 3059 cui
1118 3029 1160 3059 ha
1187 3029 1266 3059 dato
1292 3039 1309 3058 e
1336 3029 1377 3058 da
1403 3028 1516 3067 luogo.
1545 3025 1658 3056 vedasi
1685 3024 1740 3064 piu
1776 3022 1886 3052 avanti

184 3090 215 3120 la
240 3089 450 3120 discussione
475 3100 494 3119 a
519 3094 623 3130 parte.
