2325 3552
442 186 516 220 332
934 190 979 224 P.
1013 189 1182 225 OARLO
1213 190 1433 225 PERUZZI
1463 190 1505 225 O.
1535 192 1578 225 F.
1610 191 1663 226 M.

439 352 581 394 questo
611 358 724 383 sacro
753 353 892 384 monte
920 349 1245 396 personalmente
1281 378 1511 386 ......
1547 349 1597 385 Et
1627 349 1669 384 di
1699 349 1768 397 poi
1796 355 1958 386 tornato
1979 362 2002 386 a
2024 350 2144 386 Mon-

438 411 630 457 tevarchi,
655 413 761 448 dove
781 413 975 461 alquanto
997 414 1028 450 si
1050 412 1190 459 fermo,
1214 414 1368 460 scrisse,
1394 420 1433 451 et
1453 412 1603 451 mando
1627 415 1761 463 quelle
1782 415 1912 452 littere
1932 421 2010 452 etc.
2030 430 2047 448 »
2071 414 2143 465 (1).

520 476 552 512 E
581 477 608 512 il
638 475 832 525 Gonzaga
861 478 975 515 dice:
1029 478 1187 516 «Hunc
1226 480 1405 528 denique
1444 491 1600 516 sacrum
1638 485 1819 516 montem
1860 479 2147 529 quamplurimi

437 540 594 586 heroes,
626 548 747 591 atque
777 543 985 590 heroinae,
1020 544 1170 589 Duces,
1205 545 1427 593 Principes,
1462 545 1606 592 Reges,
1641 544 1835 592 Reginae,
1861 551 1983 594 atque
2013 545 2148 593 Impe-

435 612 586 643 ratores
615 619 686 644 sua
716 609 943 656 praesentia
971 610 1258 646 honestarunt:
1293 611 1344 646 de
1375 622 1547 659 quorum
1576 621 1748 646 numero
1787 610 1899 647 fuere
1938 610 2145 647 serenissi-

436 683 523 708 mus
552 673 782 722 pariterque
802 674 1075 722 pientissimus
1097 674 1300 711 Henricus
1321 675 1441 711 huius
1461 674 1636 710 nominis
1658 673 1755 719 VH,
1780 674 2144 723 Romanorumque

437 736 675 785 Imperator,
708 739 777 787 qui
807 740 911 776 datis
941 741 1014 776 sub
1045 739 1281 776 huiusmodi
1321 740 1438 776 initio
1478 739 1622 776 literis:
1666 739 1872 777 Henricus
1902 740 1981 777 Dei
2019 740 2149 788 gratia

437 802 714 841 Romanorum
743 805 966 854 Imperator
1000 835 1006 841 .
1031 836 1036 841 .
1060 835 1067 842 .
1093 805 1224 854 ipsum
1255 806 1296 841 in
1324 805 1384 842 sui
1413 805 1723 854 protectionem,
1747 812 1869 854 atque
1889 807 2060 843 tutelam
2081 818 2147 842 su-

439 869 566 917 scepit
580 883 602 903 »
622 868 696 919 (2).

517 955 560 960 —
593 933 635 971 S.
669 933 873 971 Lodom'co
912 933 1090 972 Vescovo
1121 934 1168 971 dl
1205 934 1371 972 Tolosa.
1403 958 1452 962 —-
1482 936 1627 972 Anche
1658 936 1700 972 di
1730 948 1834 981 esso,
1869 948 1984 973 come
2024 936 2066 972 di
2103 936 2142 973 S.

436 997 654 1036 Tommaso
684 998 912 1048 d’Aquino,
944 1001 1008 1037 cui
1039 999 1060 1037 e
1090 1013 1221 1037 messo
1243 1007 1427 1045 accanto,
1452 1002 1644 1038 abbiamo
1667 1002 1755 1038 solo
1777 1002 1815 1038 la
1836 1003 2150 1038 testimonianza

437 1063 477 1099 di
507 1064 714 1101 Salvatore
744 1065 880 1103 Vitale
898 1065 970 1116 (3).

513 1152 566 1156 —
595 1127 649 1166 B.
682 1128 848 1166 Gentz'le
877 1130 930 1167 cla
963 1130 1180 1168 :mztelicffl
1212 1154 1266 1158 ——
1295 1130 1466 1168 Dimoro
1496 1132 1611 1168 molti
1641 1133 1737 1169 anni
1767 1133 1846 1169 alla
1866 1132 2003 1169 Verna
2023 1144 2045 1169 e
2066 1133 2149 1169 due

435 1195 542 1231 volte
572 1195 786 1244 Superiore
815 1197 882 1232 dei
913 1196 1123 1244 Religiosi,
1146 1197 1327 1233 secondo
1348 1198 1375 1233 il
1397 1197 1618 1245 Wadding,
1640 1198 1668 1233 il
1689 1198 1810 1247 quale
1829 1196 2011 1235 all'anno
2047 1207 2150 1246 1340

435 1260 561 1296 scrive
584 1261 648 1297 del
679 1268 816 1298 nostro
838 1262 984 1298 Beato:
1015 1262 1176 1299 «Annis
1198 1263 1332 1299 multis
1361 1263 1459 1299 vixit
1479 1263 1521 1299 in
1549 1269 1688 1299 monte
1716 1263 1931 1306 AIvernae,
1956 1269 1995 1300 et
2023 1264 2145 1300 virtu-

435 1326 542 1362 tibus
580 1327 761 1374 plurimis
798 1327 980 1363 animum
1019 1328 1231 1364 exornavit
1265 1358 1583 1365 ........
1610 1329 1678 1365 Bis
1715 1329 1903 1377 regendis
1940 1329 2145 1366 Fratribus

434 1391 659 1439 praefectus
689 1392 745 1428 ita
775 1392 946 1428 discrete
977 1392 1084 1439 fecit,
1122 1399 1165 1429 ut
1185 1394 1339 1442 absque
1359 1394 1481 1430 ullius
1499 1395 1690 1443 quaerela
1711 1395 1893 1431 omnium
1914 1395 2072 1432 animos
2092 1395 2144 1431 ad

434 1456 672 1504 disciplinae
698 1458 890 1505 regularis
919 1470 1103 1494 normam
1124 1459 1399 1507 composuerit
1414 1475 1452 1496 ».
1477 1459 1533 1496 Le
1553 1460 1774 1497 medesime
1795 1461 1934 1509 parole
1955 1460 2007 1497 ha
2027 1461 2055 1497 il
2074 1472 2144 1509 pa-

435 1522 504 1558 dre
535 1522 762 1559 Domenico
794 1523 857 1559 De
886 1522 1221 1573 Gubernatis(4).

514 1608 561 1613 —
592 1586 634 1624 S.
674 1585 879 1624 Viacenzo
912 1587 1099 1633 Ferreri,
1119 1587 1161 1626 S.
1187 1587 1456 1625 Bernardino
1477 1589 1530 1626 cla
1552 1589 1690 1635 Sa'ena,
1713 1589 1755 1628 S.
1780 1590 1935 1640 Diego,
1961 1594 2013 1629 Β.
2035 1589 2142 1627 Βεν-

433 1651 614 1688 nardino
645 1651 697 1687 da
734 1652 891 1689 Feltre.
927 1676 973 1680 -—
1005 1654 1038 1690 Il
1070 1654 1116 1690 P.
1150 1654 1288 1692 Vitale
1316 1656 1515 1704 parlando
1547 1656 1657 1693 della
1686 1656 1826 1693 chiesa.
1851 1657 1895 1693 di
1931 1656 1970 1694 S.
2013 1656 2147 1693 Maria.

434 1718 541 1765 degli
570 1718 716 1766 Angeli
745 1719 823 1755 alla
853 1718 989 1755 Verna
1010 1720 1135 1756 scrive
1157 1721 1232 1757 che
1252 1725 1394 1771 questo
1414 1725 1589 1771 sagmio
1610 1724 1732 1772 luogo
1753 1722 1772 1757 ὲ
1793 1721 1930 1772 (legno
1951 1721 1997 1758 dz'
2010 1734 2144 1772 gran·

435 1782 610 1819 dissz'ma
639 1785 914 1820 venerazc'one
921 1815 2137 1825 ............................

431 1846 601 1883 lmverlo
638 1849 809 1885 visitato
846 1849 1086 1886 mollissimi
1123 1849 1250 1886 Santi
1290 1852 1531 1888 canonizati
1573 1851 1687 1889 della
1733 1852 1884 1889 Clzz‘esa
1928 1853 2137 1890 cattolz'ca.

441 1911 554 1959 «Qui
587 1943 593 1949 .
632 1944 638 1949 .
675 1944 682 1949 .
719 1943 727 1950 .
759 1913 839 1950 San
869 1914 1001 1963 Diego
1032 1913 1224 1953 d'Alcala
1253 1917 1304 1953 de
1336 1917 1511 1954 Enares:
1545 1918 1614 1966 qui
1651 1916 1672 1955 ὲ
1711 1924 1815 1955 stato
1855 1919 1935 1956 San
1973 1918 2142 1955 Bernar-

432 1979 529 2015 dino
559 1978 611 2014 da
639 1978 772 2024 Siena,
807 1991 828 2015 e
856 1980 909 2016 da
938 1980 1097 2027 Feltro;
1135 2012 1141 2018 .
1180 2012 1186 2018 .
1224 2012 1230 2018 .
1268 2012 1273 2019 .
1307 1982 1387 2019 San
1416 1983 1617 2020 Vincente
1638 1984 1832 2029 Ferriere,
1867 1985 2032 2033 quando
2052 1997 2142 2033 pre-

432 2044 608 2080 dicando
637 2056 660 2080 a
688 2043 809 2081 Siena
848 2043 951 2094 (l'ho
991 2047 1089 2083 letto
1129 2048 1170 2083 in
1208 2048 1403 2085 un'autor
1441 2050 1641 2086 moderno
1680 2049 1931 2098 Spagnuolo,
1975 2051 2049 2087 che
2087 2049 2141 2088 ha

431 2109 566 2145 scritto
596 2110 873 2147 ultimamente
902 2112 940 2147 la
970 2124 1042 2149 sua
1069 2113 1168 2163 vita)
1199 2111 1357 2162 profeto
1389 2114 1429 2150 in
1458 2115 1631 2163 publico
1661 2116 1703 2151 di
1725 2115 1804 2152 San
1826 2116 2077 2153 Bernardino
2098 2116 2141 2153 di

432 2174 542 2210 detta
572 2172 711 2210 Citta»
738 2173 810 2224 (5).

513 2261 557 2265 -—
597 2238 683 2275 Fra
713 2237 985 2277 Bartolomeo
1015 2241 1068 2278 da
1100 2243 1219 2280 Pisa.
1270 2266 1312 2270 -w
1354 2244 1441 2282 Che
1480 2246 1507 2281 il
1547 2246 1704 2282 famoso
1743 2247 1926 2283 scrittore
1965 2248 2031 2283 del
2071 2246 2140 2283 De

434 2304 740 2352 Conformc'tate
769 2306 878 2341 vitae
908 2304 1039 2342 Beata·
1070 2307 1300 2349 Francisczj
1326 2309 1386 2344 acl
1422 2308 1560 2346 Vitam
1590 2310 1770 2348 Domz'nz'
1797 2310 1894 2348 Iesu
1925 2313 2046 2349 abbia
2083 2313 2140 2348 vi-

431 2370 549 2405 sitato
579 2369 616 2405 la
645 2368 793 2415 verna,
826 2372 984 2408 sembra
1013 2373 1053 2408 lo
1083 2373 1179 2409 lasci
1209 2375 1408 2423 trapelare
1440 2375 1491 2412 da
1523 2383 1676 2424 quanto
1707 2377 1785 2425 egli
1815 2377 1942 2414 scrive
1976 2378 2139 2414 intorno

430 2435 467 2470 al
497 2434 689 2470 miracolo
717 2435 783 2471 del
815 2436 1062 2485 Precipizio:
1104 2454 1119 2470 «
1137 2439 1286 2476 Beatus
1316 2440 1553 2477 Franciscus
1583 2454 1727 2479 manus
1757 2443 1809 2479 ad
1840 2454 1979 2479 saxum
2001 2450 2139 2480 exten-

430 2500 501 2546 dit,
534 2506 573 2536 et
603 2500 717 2548 lapis,
751 2505 796 2537 ut
822 2504 997 2551 apparet
1026 2502 1148 2540 hodie
1179 2504 1452 2550 cernem‘lbus,
1486 2513 1529 2543 ut
1558 2519 1648 2544 cera
1683 2508 1818 2556 digitis
1848 2509 1956 2545 beati
1978 2508 2138 2546 Franci-

429 2565 483 2601 sci
514 2565 633 2602 cessit
661 2572 700 2601 et
728 2567 944 2603 manibus»
970 2567 1042 2618 (ὁ).
1079 2568 1226 2615 Quelle
1256 2571 1409 2619 parole,
1442 2576 1488 2608 ut
1516 2575 1695 2622 apparet
1723 2572 1841 2609 leodic
1862 2574 2135 2622 cernentibus,

430 2631 552 2667 fanno
582 2631 745 2667 credere
774 2633 1019 2670 abbastanza
1048 2634 1123 2671 che
1144 2636 1221 2683 egli
1243 2642 1369 2672 stesso
1400 2637 1552 2674 l’abbia
1588 2639 1754 2675 veduto.
1779 2638 1838 2675 Lo
1868 2640 2073 2677 conferma
2110 2641 2137 2678 il

526 2781 573 2820 (Ι)
602 2781 726 2811 Nuovo
751 2781 911 2822 Dz'alogt),
940 2788 1020 2820 etc.,
1050 2783 1109 2814 lib.
1138 2784 1188 2821 Π,
1220 2795 1295 2825 pag.
1329 2793 1409 2824 227.

525 2841 571 2879 (2)
600 2840 654 2870 De
685 2840 830 2881 Orzjgme
855 2842 1062 2881 Seraphicae
1087 2843 1292 2884 Relz'gionzlr,
1322 2845 1498 2876 Provincia
1524 2848 1680 2886 Tusciae,
1719 2848 1824 2879 Conv.
1864 2849 1988 2881 XVII.

527 2900 577 2941 (3)
610 2899 673 2939 Op.
704 2909 721 2929 e
747 2901 808 2930 loc.
838 2902 895 2930 cit.

527 2960 573 2998 (4)
603 2958 717 2989 ORBIS
744 2958 994 2998 SERAPHICUS‚
1024 2961 1077 2991 De
1103 2962 1328 2993 Missionzbus
1355 2966 1448 2994 inter
1473 2966 1644 3007 infideles,
1674 2967 1773 2998 Toni.
1803 2968 1833 2998 1.

525 3015 578 3060 (5)
611 3018 673 3058 Op.
703 3019 777 3055 cz't.‚
807 3029 882 3059 pag.
918 3028 995 3059 132.

526 3076 575 3120 (6)
601 3077 770 3107 Analecta
795 3078 1043 3115 Francrscana,
1072 3081 1172 3111 Tom.
1202 3081 1268 3118 IV,
1298 3092 1372 3122 pag.
1410 3083 1486 3124 164.
