2325 3552
625 198 894 234 UBERTINO
913 183 997 234 ‘DA
1025 199 1231 235 CASALE
1258 200 1365 236 EGO.
1773 204 1842 238 2423

141 350 341 389 manibus
373 351 461 389 suis
491 351 623 390 Jesus
654 351 859 390 fecisset:
891 355 1051 402 quanto
1083 353 1220 403 magis
1249 353 1354 391 illud
1375 353 1556 393 sublime
1588 367 1696 406 opus
1727 357 1841 406 quod

139 415 195 453 ad
233 415 366 454 totius
407 416 552 454 mundi
595 416 981 455 inflammationem
1020 417 1081 456 sic
1122 418 1354 469 sapienter,
1394 419 1455 458 310
1496 419 1739 459 amabiliter
1776 421 1840 459 fe-

138 480 208 529 cit,
253 481 446 532 sculpsit,
489 481 707 531 figuravit,
751 481 1039 521 inflammavit
1083 485 1125 521 et
1168 483 1477 522 consecravit?
1509 483 1543 524 O
1575 488 1735 535 quante
1774 499 1841 524 re-

138 545 334 584 verentie
378 546 500 598 locus
544 546 626 584 iste
671 558 796 584 sacer
841 558 964 585 mons
998 546 1207 599 Alverne,
1246 547 1290 585 in
1329 560 1412 599 quo
1444 549 1506 587 sic
1550 549 1840 600 singulariter,

138 610 199 649 sic
231 610 471 649 sublimiter
511 613 553 649 et
583 611 644 649 sic
678 611 960 660 familiariter,
991 612 1053 650 sic
1085 611 1340 661 efficaciter,
1370 613 1414 651 in
1443 613 1582 652 forma
1612 616 1839 667 seraphica

136 674 338 726 dignatus
371 679 438 714 est
457 675 589 715 ι103113
621 687 830 727 apparere
852 679 893 714 et
911 676 1241 727 fundationem
1272 679 1399 717 tertii
1416 681 1564 717 status
1594 681 1759 719 mundi
1776 682 1841 719 sie

135 740 336 791 siqilare,
366 741 431 779 sio
451 741 767 794 inflammare,
797 742 862 779 sic
883 742 1107 793 insiynire
1137 743 1209 793 (1),
1231 755 1318 782 non
1336 743 1474 782 solum
1494 744 1740 784 hominibus
1763 746 1840 785 sed

138 805 375 856 seraphicis
424 805 645 857 spiritibus
684 806 879 845 reddere.
919 806 1034 845 Vere
1082 807 1204 846 locus
1251 808 1333 847 iste
1376 811 1442 847 est
1481 809 1632 849 domus
1672 810 1754 849 Dei
1798 815 1840 850 01

133 873 260 921 porta
290 870 383 916 celi,
413 883 517 909 vere
548 871 670 910 locus
701 871 936 927 spiritualis
966 872 1168 921 incendii,
1200 885 1328 923 quem
1357 873 1418 912 1111
1448 873 1530 913 11110
1563 875 1720 926 seraph
1750 888 1838 914 ma-

133 947 246 985 gnus
278 937 321 973 et
349 947 509 987 parvus
539 936 770 975 voluerunt
809 948 887 975 sua
929 938 1152 988 presentia
1194 938 1478 977 inflammare.
1521 939 1554 979 O
1594 940 1752 979 misera
1797 945 1839 980 01

139 999 283 1050 gelida
315 1000 597 1054 animaflmea,
643 1000 711 1039 cui
745 1000 921 1052 indigne
962 1013 1220 1041 concessum
1259 1006 1325 1042 est
1344 1003 1539 1042 habitare
1579 1005 1623 1043 in
1660 1005 1837 1045 fornace

136 1064 309 1103 celestis
339 1065 531 1104 incendii
561 1068 603 1103 et
632 1065 692 1104 ibi
721 1065 773 1104 de
794 1065 999 1105 flammeo
1021 1066 1131 1105 Jesu
1152 1070 1195 1105 et
1217 1067 1268 1106 ab
1290 1067 1384 1119 ipso
1415 1068 1683 1109 inflammato
1705 1070 1838 1109 Fran-

135 1129 249 1169 01300
278 1129 464 1181 insipido
495 1130 592 1169 stilo
624 1130 826 1180 scribere.
860 1130 985 1170 Certe
1008 1131 1044 1170 si
1073 1144 1159 1170 11011
1191 1144 1312 1171 03303
1344 1133 1451 1171 dura
1479 1134 1609 1184 glatie
1630 1134 1837 1186 frigidior,

132 1206 353 1245 nunquam
381 1207 536 1246 posses
566 1195 610 1233 in
649 1198 691 1234 te
732 1195 971 1235 subsistere
1012 1199 1132 1235 tanto
1171 1197 1353 1248 probato
1392 1211 1470 1250 per
1506 1199 1690 1250 piissimi
1727 1201 1838 1241 ι10311

132 1259 472 1299 misericordiam
500 1260 613 1312 igne,
645 1260 722 1299 sed
751 1260 849 1300 fons
880 1261 1019 1300 omnis
1049 1262 1150 1300 mali
1180 1262 1387 1314 quidquid
1415 1263 1547 1303 Jesils
1579 1267 1622 1304 et
1641 1265 1838 1316 piissima

131 1325 224 1363 eius
255 1327 392 1363 mater
424 1329 466 1364 et
497 1326 589 1365 eius
612 1325 792 1376 signifer
812 1326 1072 1366 Franciscus
1096 1327 1163 1365 sui
1182 1327 1417 1367 infundunt
1436 1329 1639 1379 incendii,
1671 1343 1835 1381 aqueus

130 1393 231 1429 tuus
261 1390 413 1429 humor
444 1391 586 1430 carnis
619 1394 661 1430 et
690 1391 837 1429 mundi
859 1393 1176 1443 superenatans
1199 1393 1468 1444 extinguunt.
1491 1395 1589 1434 Non
1611 1399 1678 1434 est
1697 1408 1836 1435 reme-

131 1454 246 1493 dium
288 1455 400 1494 bone
442 1455 553 1494 Jesu
581 1456 664 1495 nisi
707 1456 847 1495 celum
879 1460 921 1495 et
949 1460 1108 1495 terram
1130 1458 1192 1496 310
1213 1450 1452 1498 incendans
1475 1460 1574 1510 (sic)
1597 1461 1710 1511 quod
1740 1474 1833 1500 mee

129 1520 431 1560 inestimabilis
461 1521 710 1572 frigiditatis
740 1533 945 1561 mensura
978 1522 1108 1561 velim
1146 1523 1279 1562 nolim
1308 1524 1498 1575 undique
1520 1526 1682 1564 vallata
1710 1526 1835 1565 flam-

129 1589 308 1625 mescat.
338 1586 493 1625 Mirum
524 1590 590 1626 est
621 1590 766 1626 autem
797 1588 911 1638 quod
939 1588 1043 1626 mihi
1073 1589 1243 1638 accidit,
1275 1590 1375 1640 quia
1403 1590 1506 1630 licet
1528 1604 1581 1629 ex
1611 1581 1833 1632 debilitate

129 1651 432 1706 descenderim
470 1652 543 1703 (2),
574 1655 621 1691 ut
651 1652 753 1691 alibi
774 1653 1021 1702 scriberem,
1044 1666 1130 1692 non
1150 1655 1291 1706 potuit
1309 1667 1391 1694 nec
1412 1656 1634 1695 minimum
1653 1658 1834 1697 verbum

130 1716 271 1764 scribi,
304 1716 418 1767 quod
446 1717 546 1756 huic
578 1718 698 1769 operi
726 1721 877 1769 posset
908 1719 1059 1770 aptari,
1091 1719 1175 1758 imo
1207 1722 1345 1759 totum
1375 1722 1564 1772 oportuit
1598 1722 1770 1762 dextrui
1792 1728 1834 1763 et

128 1781 255 1820 refici
283 1781 451 1820 iterato.
473 1782 592 1821 Pone
622 1782 769 1834 ignem
798 1786 931 1832 tuum,
961 1783 1071 1822 Jesu
1091 1783 1300 1835 piissime,
1324 1788 1366 1823 et
1395 1786 1625 1825 influentia
1655 1790 1727 1836 tue
1759 1800 1833 1840 ap-

127 1846 354 1898 paritionis
385 1847 611 1898 seraphice
641 1847 685 1886 in
705 1848 788 1887 hac
808 1851 884 1886 tua
914 1838 1129 1900 scriptura
1158 1850 1415 1889 transfunde
1440 1854 1482 1889 et
1502 1864 1555 1890 ne
1578 1853 1737 1907 malitia
1763 1865 1832 1892 ac-

127 1911 233 1950 toris
265 1915 308 1950 et
335 1912 398 1950 tui
417 1912 611 1951 vilissimi
643 1901 921 1952 instrumenti
948 1914 1137 1953 fructum
1158 1915 1345 1970 legentis
1375 1916 1594 1967 impediat,
1615 1917 1832 1957 inviscera

127 1976 191 2015 tui
221 1977 376 2016 amoris
405 1977 652 2016 incendium
680 1978 725 2016 in
746 1978 960 2029 scriptura
979 1982 1027 2017 ut
1057 1991 1189 2031 supra
1216 1970 1415 2031 legentes
1447 1984 1546 2020 tuus
1576 1971 1687 2033 ignis
1719 1984 1831 2022 30111-

128 2041 239 2080 tillet
280 2045 322 2080 et
353 2054 428 2081 003
468 2042 630 2081 animet
669 2043 721 2081 ad
752 2046 877 2097 tuam
914 2044 1168 2095 passionem
1198 2044 1459 2095 deflendam,
1481 2047 1749 2097 sequendam
1790 2052 1832 2087 et

126 2106 390 2156 imitandam,
423 2107 476 2145 ad
504 2107 638 2147 vitam
669 2097 967 2159 evangelicam
998 2112 1041 2147 et
1060 2110 1318 2160 promissam
1341 2110 1394 2165 ad
1416 2102 1746 2158 observandam,
1770 2113 1831 2151 di-

126 2171 269 2211 missis
301 2171 632 2226 deviationibus,
664 2173 939 2244 accendatur.
972 2174 1114 2213 Testis
1137 2172 1183 2213 es
1213 2178 1261 2213 tu
1289 2175 1412 2214 radix
1432 2176 1551 2215 Iesse
1584 2177 1656 2228 qui
1678 2181 1767 2217 stas
1788 2179 1831 2216 in

126 2236 296 2288 signum
325 2237 579 2288 populorum
603 2240 645 2276 01
666 2238 738 2292 qui
759 2237 812 2276 ad
834 2238 1086 2294 excitandos
1109 2239 1278 2291 tepidos
1298 2240 1518 2291 insignisti
1537 2241 1830 2290 Franciscum,

126 2301 242 2352 quod
270 2301 376 2340 nihil
405 2302 520 2340 aliud
548 2302 592 2340 in
621 2303 703 2357 hac
734 2292 948 2355 scriptura
976 2316 1043 2342 me
1076 2305 1221 2355 movit,
1254 2308 1297 2344 et
1325 2305 1492 2344 utinam
1524 2307 1600 2346 tibi
1636 2297 1830 2359 placeiet

126 2366 241 2417 quod
271 2379 442 2418 semper
470 2379 628 2406 nomen
656 2368 879 2419 ignoretur
909 2369 1080 2418 actoris,
1111 2382 1164 2408 ne
1189 2360 1472 2427 instrumenti
1492 2372 1657 2410 malitia
1679 2373 1830 2412 effica-

123 2431 227 2470 tiam
257 2434 329 2470 tue
359 2420 609 2487 principalis
628 2432 856 2472 influentie
877 2422 1106 2485 impediret
1127 2434 1212 2485 (3);
1233 2435 1314 2474 fiat
1338 2425 1490 2474 tamen
1520 2437 1721 2476 voluntas
1752 2441 1827 2494 tua

124 2508 290 2547 pauper
306 2497 406 2547 (sic)
422 2497 599 2553 pietatis
614 2484 724 2537 ι10311
739 2498 851 2537 310111
869 2498 912 2536 111
934 2499 1026 2538 0010
1051 2502 1093 2538 01
1113 2499 1157 2537 111
1172 2489 1300 2538 terra.
1320 2490 1406 2540 Sed
1424 2504 1467 2539 et
1487 2504 1534 2540 tu
1549 2491 1675 2553 patei
1695 2502 1828 2541 Fian-

125 2561 253 2610 01300,
282 2561 415 2613 piode
448 2562 615 2602 Christo
647 2552 850 2614 stigmata
878 2550 956 2619 tibi
984 2564 1028 2602 in
1057 2564 1139 2603 1100
1171 2577 1293 2604 sacro
1313 2566 1439 2605 1000
1428 2579 1654 2624 impressa,
1675 2571 1722 2607 ut
1744 2568 1828 2626 cito

264 2715 358 2748 (nh
343 2707 609 2744 interessante
630 2717 778 2745 rilevare
800 2718 863 2745 che
884 2726 945 2751 per
969 2718 1134 2755 Ubertino
1156 2719 1247 2746 sulla
1266 2719 1296 2747 V
1300 2727 1384 2747 erna
1404 2728 1519 2747 xenne
1540 2721 1747 2754 inaugurato
1773 2723 1824 2749 001

125 2762 288 2789 iniracolo
311 2763 400 2790 delle
422 2763 557 2790 stimate
578 2764 604 2790 il
624 2766 716 2792 terzo
738 2767 824 2792 stato
837 2765 893 2792 del
907 2766 1042 2793 mondo.
1057 2766 1121 2793 Per
1135 2766 1167 2793 1ο
1184 2766 1261 2793 stile
1277 2767 1369 2794 della
1382 2767 1505 2794 lettela
1526 2768 1581 2795 1101
1597 2767 1693 2804 Card.
1708 2768 1827 2796 Orsini

124 2809 196 2836 alla
214 2808 244 2836 V
247 2817 340 2842 erna
362 2810 443 2837 vedi
464 2817 574 2843 sopra.
593 2826 627 2830 —
648 2811 784 2845 Quanto
805 2812 875 2839 alla
895 2803 1121 2840 trascrizione
1143 2811 1324 2846 riprodue'o
1345 2814 1380 2840 la
1400 2815 1512 2848 grafia
1533 2814 1611 2841 dell
1615 2815 1826 2843 incunabolo

125 2862 220 2883 101110
241 2856 285 2883 110
306 2857 388 2883 fatto
410 2864 546 2890 sempre
566 2858 706 2891 altrov,e
728 2858 799 2885 solo
821 2860 1053 2893 cclreggendo
1075 2861 1179 2887 eirori
1201 2860 1365 2892 evidenti
1393 2861 1456 2888 che
1484 2861 1639 2889 alteram>
1666 2863 1824 2889 11010101-

124 2905 240 2930 11101110
260 2903 285 2930 11
308 2910 419 2934 senso,
442 2911 459 2930 0
482 2905 641 2938 ponendo
662 2905 810 2937 qualche
838 2913 944 2939 segno
978 2907 1280 2941 d'interpunzione
1309 2915 1372 2941 per
1402 2908 1599 2944 facilitarne
1629 2909 1663 2936 la
1696 2910 1824 2937 lettura

123 2949 381 2981 L'incunabolo,
403 2958 499 2978 come
520 2950 537 2978 0
558 2953 647 2978 noto.
668 2951 978 2986 eflsingolarmente
1000 2955 1176 2981 scorretto.

266 2997 311 3030 (2)
332 2997 422 3024 Vedi
443 3005 551 3031 sopra.

265 3045 309 3077 (3)
327 3044 424 3072 Sulla
446 3045 609 3073 sincerita
630 3046 664 3073 di
687 3046 851 3073 Ubertino
872 3048 952 3074 vedi
974 3054 1083 3081 sopra.
