2325 3552
495 192 564 226 LA
592 191 787 234 VERNA,
817 192 870 225 IL
901 190 1120 227 COMUNE
1151 192 1208 225 DI
1240 192 1465 228 FIRENZE
1498 193 1605 227 ECC.
1826 195 1898 228 289

193 352 414 400 spetialiter
442 362 489 386 ac
518 351 756 398 generaliter
802 351 1053 398 derogatum.
1088 350 1138 386 Et
1169 351 1281 399 quod
1319 363 1391 399 pro
1431 352 1622 399 predictis
1661 353 1723 388 vel
1763 352 1900 400 aliquo

195 416 473 452 Predictorum
489 427 608 463 supra
623 416 664 451 in
680 416 854 463 presenti
891 415 1128 451 Provisione
1159 416 1359 452 contentis
1389 422 1465 453 etc.
1489 403 1533 452 ut
1555 429 1674 465 supra
1703 417 1744 453 in
1774 417 1902 465 prima

195 481 432 517 Provisione
467 481 585 529 hujus
605 480 762 516 consilii
800 480 1043 525 continetur,
1085 492 1213 528 usque
1251 481 1303 517 ad
1343 481 1463 517 finem
1504 481 1752 518 Provisionis
1798 482 1900 517 eius-

193 544 377 594 dem(1).

274 609 366 656 Qua
395 610 625 658 provisione
655 610 758 660 lecta
787 615 825 645 et
855 610 1034 654 recitata,
1067 615 1111 645 ut
1140 622 1259 658 supra
1288 611 1441 646 dictum
1462 617 1536 656 est,
1561 611 1751 647 dominus
1772 612 1901 648 domi-

193 686 269 711 nus
316 675 562 723 Prepositus,
613 681 656 710 ut
703 687 822 722 supra
869 686 940 723 per
969 675 1104 710 omnia
1134 675 1290 711 dictum
1319 681 1391 721 est,
1437 677 1650 724 proposuit
1679 677 1781 712 inter
1818 677 1902 712 dic—

193 745 256 776 tos
285 740 537 776 consiliarios
565 740 838 788 supradictam
867 739 1141 788 provisionem
1170 746 1209 776 et
1247 746 1439 776 contenta
1483 741 1523 776 in
1562 753 1623 786 ea,
1666 753 1784 789 super
1822 753 1902 789 qua

192 805 307 853 petiit
335 805 411 841 sibi
442 799 510 853 per
539 806 675 841 omnia
704 817 776 853 pro
806 805 916 841 dicto
947 804 1123 841 Comuni
1162 811 1201 841 et
1240 806 1313 841 sub
1353 806 1461 842 dicta
1500 806 1628 842 forma
1667 807 1823 843 bonum
1863 812 1902 842 et

193 870 290 906 utile
320 870 534 906 consilium
565 870 771 918 impertiri.
806 870 902 906 Post
932 881 1011 917 que
1040 870 1150 906 illico
1190 870 1300 906 dicto
1331 876 1370 906 et
1411 872 1662 919 proclamato
1702 872 1743 907 in
1789 872 1899 908 dicto

190 935 362 971 consilio
391 947 460 983 per
502 947 698 983 precones
738 934 935 971 Comunis
975 935 1173 979 eiusdem,
1216 941 1259 971 ut
1297 935 1419 972 moris
1457 942 1530 980 est,
1574 937 1686 984 quod
1731 937 1902 985 quilibet

193 1001 333 1037 volens
362 1001 482 1036 vadat
511 1000 563 1036 ad
592 1000 888 1036 consulendum
919 1012 1038 1048 super
1060 1000 1311 1044 Provisione,
1336 1007 1375 1037 et
1396 1002 1605 1049 proposita
1635 1014 1754 1050 supra
1793 1003 1901 1038 dicta

191 1072 234 1101 et
263 1065 424 1101 nemine
455 1071 589 1109 eunte,
623 1072 662 1101 et
692 1066 778 1113 ipsa
808 1066 1029 1113 proposita,
1062 1066 1113 1101 de
1142 1066 1366 1108 voluntate,
1410 1067 1581 1103 consilio
1622 1074 1660 1103 et
1700 1079 1901 1103 consensu

192 1130 312 1166 officii
331 1131 531 1167 dictorum
553 1130 810 1166 dominorum
832 1138 870 1166 et
890 1130 1126 1176 Vexillfferi,
1152 1137 1407 1179 proponente
1440 1138 1479 1168 et
1500 1132 1690 1180 partitum
1711 1133 1898 1176 faciente,

193 1195 296 1231 inter
316 1196 565 1232 consiliarios
595 1196 692 1232 dicti
722 1196 879 1232 consilii
908 1208 1077 1232 numero
1108 1196 1296 1232 CCLVH
1326 1198 1575 1245 presentium
1605 1198 1646 1233 in
1676 1198 1787 1234 dicto
1804 1210 1900 1234 con-

191 1260 298 1305 silio,
331 1261 445 1309 quod
479 1261 542 1297 cui
563 1262 694 1309 placet
715 1268 753 1297 et
774 1261 934 1297 videtur
954 1261 1228 1309 supradictam
1245 1262 1525 1298 Provisionem
1547 1269 1586 1299 et
1607 1263 1743 1299 omnia
1764 1269 1803 1299 et
1823 1263 1902 1299 sin-

193 1326 287 1373 gula
316 1326 357 1361 in
378 1338 425 1361 ea
453 1332 645 1362 contenta
665 1327 887 1374 procedere
908 1333 947 1362 et
968 1327 1222 1363 admittenda
1243 1339 1329 1364 esse
1350 1333 1388 1363 et
1409 1328 1569 1364 admitti
1590 1328 1674 1364 fieri
1697 1329 1902 1365 observari

192 1397 234 1426 et
249 1391 478 1427 executioni
500 1392 683 1427 mandari
705 1404 822 1440 posse
845 1398 884 1428 et
905 1392 1068 1436 debere,
1094 1398 1132 1428 et
1154 1393 1266 1428 firma
1286 1399 1325 1429 et
1345 1393 1522 1429 stabilita
1540 1406 1625 1430 esse
1648 1394 1689 1429 in
1711 1394 1901 1430 omnibus

191 1460 233 1489 et
260 1465 331 1501 per
360 1454 497 1489 omnia
525 1454 749 1489 secundum
778 1454 934 1490 forman
963 1454 1071 1490 dicte
1101 1454 1343 1502 provisionis
1373 1461 1412 1491 et
1441 1462 1726 1492 contentorum
1757 1456 1798 1491 in
1837 1469 1898 1500 ea,

191 1519 262 1554 det
291 1518 424 1554 fabam
453 1519 606 1566 nigram
635 1531 708 1567 pro
738 1520 807 1563 sic,
841 1526 880 1555 et
908 1520 1019 1567 quod
1051 1520 1296 1556 contrarium
1326 1521 1388 1556 vel
1429 1521 1541 1556 aliud
1575 1521 1791 1567 videretur,
1833 1522 1903 1558 det

192 1583 325 1619 fabam
355 1584 488 1619 albam
518 1595 590 1631 pro
620 1596 716 1621 non.
750 1584 800 1620 Et
829 1584 925 1633 ipsis
955 1584 1056 1621 fabis
1085 1585 1203 1629 datis,
1237 1585 1477 1630 recollectis,
1501 1586 1730 1633 segregatis,
1761 1598 1901 1622 nume-

193 1648 288 1684 ratis
318 1654 357 1684 et
386 1660 576 1696 processu
605 1661 676 1697 per
705 1650 841 1686 omnia
871 1650 1097 1686 secundum
1118 1650 1274 1686 forman
1296 1649 1683 1687 Ordinamentorum
1705 1651 1802 1687 dicti
1823 1651 1901 1688 Co-

194 1713 325 1750 munis
355 1719 394 1750 et
423 1714 603 1762 ipsorum
634 1715 956 1751 consiliariorum
984 1715 1260 1751 voluntatibus
1298 1716 1508 1764 exquisitis
1536 1717 1587 1752 ad
1618 1716 1730 1753 fabas
1768 1717 1901 1764 nigras

191 1785 233 1814 et
263 1779 387 1825 albas,
422 1785 464 1815 ut
495 1779 615 1815 moris
644 1786 717 1823 est,
748 1786 951 1828 repertum
980 1780 1053 1816 fuit
1083 1780 1404 1817 CLXXXXVH
1435 1793 1483 1817 ex
1522 1781 1618 1830 ipsis
1662 1782 1900 1818 consiliariis

190 1843 355 1880 ⁴dedisse
384 1844 494 1880 fabas
526 1844 657 1892 nigras
687 1857 758 1893 pro
789 1845 859 1889 sic,
892 1851 931 1881 et
961 1845 1016 1881 sic
1047 1846 1272 1881 secundum
1302 1846 1470 1882 formam
1493 1847 1600 1882 dicte
1635 1847 1896 1892 Provisionis,

190 1909 418 1953 obtentum,
453 1909 650 1945 firmatum
679 1916 718 1945 et
737 1910 997 1946 reformatum
1027 1911 1113 1955 tuit,
1151 1923 1234 1946 non
1265 1911 1522 1947 obstantibus
1542 1912 1707 1959 reliquis
1737 1911 1899 1948 LVHH

189 1985 241 2010 ex
269 1974 365 2021 ipsis
394 1974 632 2011 consiliariis
661 1975 827 2023 repertis
857 1975 1018 2011 dedisse
1048 1975 1160 2012 fabas
1190 1977 1301 2012 albas
1332 1976 1374 2011 in
1405 1977 1650 2013 contrarium
1688 1989 1761 2025 pro
1799 1989 1896 2014 non.

282 2104 416 2140 «Acta
446 2104 605 2140 fuerunt
624 2105 806 2153 predicta
835 2106 973 2142 omnia
1017 2112 1056 2141 et
1097 2106 1254 2153 singula
1298 2107 1568 2155 suprascripta
1612 2107 1816 2143 Florentie
1859 2108 1899 2143 in

193 2168 350 2204 Palatio
382 2168 527 2217 Populi
559 2169 795 2214 Florentini,
828 2171 1086 2218 presentibus
1128 2171 1269 2207 Marco
1318 2171 1518 2220 Lupicini,
1551 2172 1698 2208 Nanne
1742 2172 1895 2218 Iacobi,

194 2232 409 2269 Francisco
440 2233 555 2270 Pauli
586 2240 624 2270 et
653 2235 850 2271 Niccolao
882 2235 1089 2272 Tommasi
1120 2236 1274 2272 civibus
1305 2236 1509 2272 Florentie
1539 2237 1708 2273 testibus
1739 2237 1792 2273 ad
1812 2249 1899 2286 pre-

189 2298 302 2334 dicta
331 2299 483 2335 vocatis
513 2305 552 2335 et
581 2298 820 2349 habitis(2).

277 2374 335 2399 12.
370 2364 547 2412 Dunque
578 2364 603 2400 il
633 2364 819 2401 Comune
861 2366 902 2401 di
942 2366 1109 2402 Firenze
1152 2378 1235 2402 non
1277 2366 1415 2403 faceva
1452 2379 1522 2415 per
1561 2367 1686 2413 celia3
1735 2367 1786 2403 ed
1833 2379 1899 2404 era

191 2434 329 2476 tempo
347 2429 473 2465 ormai
490 2429 564 2465 che
584 2430 621 2465 le
638 2430 915 2478 persecuzioni
933 2443 1171 2467 cessassero.
1198 2431 1255 2467 Fu
1277 2429 1360 2467 cosi
1381 2432 1455 2468 che
1477 2432 1562 2468 fece
1596 2432 1722 2468 allora
1742 2445 1898 2469 murare

189 2504 312 2540 sopra
341 2493 378 2529 la
407 2500 523 2541 porta
553 2494 618 2530 del
650 2494 863 2531 Convento
894 2496 1002 2532 della
1030 2495 1167 2532 Verna
1197 2497 1233 2532 le
1262 2496 1360 2532 armi
1389 2497 1455 2532 del
1486 2497 1611 2544 Papa,
1634 2497 1699 2533 del
1740 2497 1898 2545 Popolo

194 2569 215 2593 e
246 2558 353 2594 della
382 2558 564 2606 Signoria
593 2560 634 2595 di
664 2560 844 2605 Firenze‚
878 2573 899 2597 e
938 2561 1139 2597 dell’Arte
1178 2561 1285 2597 della
1324 2561 1451 2606 Lana,
1493 2568 1594 2598 tutte
1631 2569 1898 2611 raggruppate

289 2728 340 2771 (Ι)
368 2731 464 2761 Dove
491 2742 574 2762 sono
600 2732 671 2762 cioe
697 2737 784 2763 tutte
811 2733 840 2763 le
868 2733 1010 2763 formule
1037 2734 1193 2774 possibili
1220 2744 1237 2764 e
1271 2733 1515 2774 immaginabili
1542 2744 1601 2775 per
1630 2734 1661 2764 la
1693 2734 1844 2770 validus,
1881 2745 1897 2764 e

193 2794 278 2819 tutte
304 2789 333 2819 le
359 2790 521 2827 sanzioni‚
550 2801 567 2820 e
594 2795 644 2821 tra
669 2791 699 2821 le
724 2791 820 2828 altre,
849 2802 909 2832 per
935 2792 987 2822 chi
1012 2792 1043 2822 le
1069 2793 1211 2823 andasse
1237 2798 1365 2828 contro,
1404 2792 1508 2823 anche
1534 2793 1566 2823 al
1591 2793 1733 2833 bisogno
1765 2805 1778 2820 «
1797 2798 1897 2833 eaput

189 2858 213 2877 a
238 2848 377 2888 spatulis
404 2854 595 2889 amputetur
612 2862 646 2880 ».

293 2907 340 2946 (2)
367 2907 530 2937 Archivio
557 2907 590 2937 di
615 2907 710 2938 stato
736 2908 770 2938 di
796 2909 949 2945 Firenze,
984 2909 1141 2950 Consz'glz'
1156 2910 1339 2950 Maggz'ori
1355 2928 1365 2932 -
1386 2911 1615 2951 Provvz‘gioni
1636 2918 1712 2950 123.
1735 2927 1777 2932 ——
1805 2910 1895 2940 Sono

189 2964 315 3005 cinque
341 2965 369 2995 le
396 2966 611 3006 Provvigioni
637 2966 718 2997 fatte
744 2967 797 2997 nel
823 2967 1008 2998 medesimo
1034 2968 1166 3008 giorno,
1195 2979 1212 2999 e
1239 2968 1352 3009 quella
1370 2969 1457 2999 della
1471 2970 1599 3005 Verna,
1620 2979 1715 2998 come
1734 2968 1806 2998 dice
1823 2978 1897 2998 essa

188 3027 311 3058 stessa.
340 3025 358 3054 ὲ
384 3024 414 3054 la
440 3033 569 3065 quarta.
600 3026 648 3055 Le
674 3025 764 3055 dette
792 3026 1006 3066 Provvigioni
1032 3037 1143 3058 vanno
1169 3027 1223 3058 dal
1249 3028 1308 3059 fol.
1342 3036 1442 3068 132v,
1470 3027 1538 3057 fino
1558 3027 1588 3057 al
1611 3028 1715 3068 138r;
1746 3037 1763 3056 e
1782 3027 1895 3067 quella

188 3081 282 3111 della
306 3083 420 3113 Verna
447 3083 500 3113 dal
532 3082 625 3123 136r,
654 3084 686 3114 al
716 3091 811 3123 137r.

1794 3218 1826 3246 19
