2325 3552
390 197 465 231 284
826 199 868 232 P.
901 198 1179 234 ZEFFIRINO
1210 198 1433 233 LAZZERI
1463 198 1506 232 O.
1535 200 1579 232 Ε.
1613 199 1662 233 M.

386 356 529 400 rentia,
563 356 673 392 Laici
691 357 741 392 de
772 356 1041 393 Observantia
1063 356 1198 392 Sancti
1220 357 1437 401 Francisci,
1457 356 1716 393 istantissime
1736 356 1933 404 requisiti,
1954 356 2102 392 discre-

387 421 489 457 tioni
517 428 673 457 vestrae
701 427 741 457 et
769 422 982 470 cujuslibet
1012 427 1188 458 vestrum
1218 428 1357 458 tenore
1377 421 1654 470 praesentium
1675 421 1964 457 committimus
1984 433 2031 457 ac
2061 421 2103 456 in

386 486 532 521 virtute
561 492 724 522 sanctae
755 486 999 522 obedientae
1021 492 1060 522 et
1080 487 1154 522 sub
1190 486 1583 522 excomunicationis
1611 497 1773 534 poena.
1797 515 1805 522 .
1830 515 1836 522 .
1861 515 1867 522 .
1902 491 2103 534 quatenus

387 551 419 587 si
449 551 498 587 sit
525 551 671 598 aliquis
701 551 880 598 ipsorum
909 552 971 587 vel
1001 552 1179 599 ipsarum
1209 550 1292 601 (dei
1339 552 1449 587 mille
1471 551 1545 587 che
1566 551 1619 587 ha
1648 551 1864 597 nominati)
1898 551 1968 599 qui
1999 551 2102 587 clam

386 616 448 651 vel
479 617 637 652 occulte
669 616 852 660 laterent,
885 616 947 652 vel
977 616 1120 652 furtive
1159 622 1228 652 aut
1257 617 1356 652 alias
1395 616 1577 652 indebite
1608 616 1849 652 subtraxerit
1886 621 1956 652 aut
1992 627 2102 652 amo—

385 681 499 725 verit,
532 692 603 717 seu
632 693 756 728 penes
786 693 828 717 se
866 681 1067 726 habuerit,
1109 682 1321 729 receperit,
1348 681 1553 725 levaverit,
1577 680 1852 729 occupaverit,
1893 680 2105 717 retinuerit

386 758 432 782 ac
475 745 550 782 sibi
592 746 925 794 appropriaverst,
978 746 1223 794 habeatque,
1266 746 1449 782 detineat
1488 753 1528 782 et
1571 751 1760 793 occupet,
1793 746 1983 789 occultet,
2027 745 2102 781 sibi

386 810 567 846 indebite
597 811 832 859 appropriet
861 811 999 858 aliqua
1028 812 1151 857 bona,
1184 811 1267 847 sive
1289 811 1340 847 de
1360 811 1480 847 bonis
1500 811 1723 847 mobilibus
1753 817 1792 846 et
1823 810 2105 847 immobilibus

387 875 594 912 Ecclesiae
625 882 663 912 et
694 875 931 912 Conventus
963 876 1117 912 Montis
1147 877 1364 921 Alvernae,
1397 876 1439 911 in
1468 888 1549 924 quo
1581 876 1619 912 S.
1653 875 1891 912 Franciscus
1912 875 2103 912 Crucifixi

386 940 571 987 stigmata
599 953 648 976 ex
678 941 934 989 apparitione
964 941 1183 989 Seraphica
1222 942 1333 977 dono
1373 941 1596 977 divinitatis
1634 941 1824 986 obtinuit,
1867 952 1914 976 ac
1935 940 2100 985 fructus,

385 1006 582 1050 redditus,
602 1012 858 1054 provenctns,
879 1006 1025 1052 afficta,
1050 1007 1283 1054 pensiones,
1303 1006 1461 1042 decima
1474 1012 1513 1042 et
1525 1007 1801 1042 emolumenta
1817 1017 2101 1054 quaecunque,

385 1077 466 1106 tam
495 1071 580 1106 iure
609 1071 843 1107 relictorum
873 1083 995 1119 quam
1025 1072 1249 1119 legatorum
1281 1072 1342 1107 vel
1363 1071 1530 1107 alterius
1552 1072 1830 1120 cujuscunque
1850 1070 2101 1115 donationis,

384 1140 452 1169 aut
482 1133 581 1169 alias
612 1134 925 1181 quomodolibet
955 1134 1065 1169 (licto
1097 1135 1203 1178 loco,
1238 1134 1446 1170 Ecclesiae
1477 1140 1516 1170 et
1547 1133 1778 1170 Conventui
1807 1139 2035 1181 spectantes
2065 1139 2104 1169 et

386 1199 646 1245 pertinentes,
680 1199 762 1234 sive
793 1199 901 1234 dicta
929 1199 1037 1235 bona
1068 1199 1147 1235 sint
1168 1200 1208 1234 in
1236 1211 1350 1243 auro,
1375 1205 1444 1234 aut
1464 1204 1648 1246 argento,
1674 1198 1861 1243 monetis,
1885 1199 1947 1234 vel
1981 1210 2105 1246 pecu-

384 1263 475 1307 niis,
508 1263 724 1308 frumento,
758 1264 852 1299 vino
884 1269 923 1299 et
953 1265 1061 1308 oleo,
1096 1270 1218 1311 atque
1248 1264 1338 1300 aliis
1360 1264 1492 1300 biadis
1514 1271 1552 1300 et
1583 1264 1826 1312 liquoribus,
1849 1263 2100 1312 protocollis,

385 1329 509 1372 libris,
543 1328 832 1373 instrumentis,
859 1329 1014 1374 litteris,
1040 1329 1259 1377 scripturis,
1283 1329 1628 1377 possessionibus,
1651 1335 1733 1365 tarn
1764 1329 1953 1365 domibus
1982 1340 2104 1377 quam

386 1394 513 1437 terris,
548 1394 715 1442 campis,
748 1394 889 1439 vineis,
929 1394 1103 1438 olivetis,
1145 1394 1408 1438 molendinis,
1450 1395 1702 1440 nemoribus,
1746 1394 1885 1442 pratis,
1927 1394 2102 1442 pascuiS,

385 1459 492 1495 silvis
509 1466 549 1495 et
567 1459 657 1495 aliis
679 1460 1005 1507 possessionibus
1027 1460 1353 1507 quibuscumque
1376 1460 1611 1496 nominibus
1632 1466 1937 1508 nuncupentur,
1960 1460 2106 1507 pannis

385 1524 520 1560 sericis
549 1531 587 1560 et
617 1524 847 1560 deaureatis
877 1531 916 1560 et
945 1525 1035 1560 aliis
1065 1525 1328 1569 ornamentis,
1361 1525 1508 1573 pannis
1540 1525 1656 1561 lineis
1686 1537 1757 1561 seu
1788 1525 1915 1561 laneis
1944 1531 1983 1561 et
2016 1525 2105 1561 aliis

385 1590 625 1626 utensilibus
654 1590 705 1625 ad
727 1590 979 1638 quoquinam
1000 1591 1292 1637 spectantibus,
1327 1591 1499 1626 tobaleis
1530 1596 1569 1627 et
1598 1591 1687 1626 aliis
1707 1591 1854 1626 domus
1875 1590 2106 1638 supellecti-

384 1655 501 1700 libus,
534 1655 704 1702 aliisque
735 1655 854 1691 rebus
876 1661 915 1691 et
935 1656 1067 1700 bonis,
1093 1656 1419 1704 quibuscumque
1440 1655 1674 1692 nominibus
1694 1662 1996 1704 nuncupentur,
2020 1655 2104 1691 sive

383 1720 641 1768 paramentis,
673 1721 862 1768 planetis,
897 1720 1106 1765 calicibus,
1139 1721 1347 1757 breviariis
1376 1728 1416 1757 et
1445 1721 1534 1757 aliis
1555 1721 1882 1769 quibuscumque
1903 1721 1956 1757 ad
1976 1720 2103 1757 Sacri-

383 1786 498 1821 stiam
528 1786 819 1833 spectantibus,
852 1786 904 1822 ad
935 1786 1089 1822 dictum
1120 1787 1256 1822 locum
1286 1792 1325 1822 et
1355 1786 1582 1822 Ecclesiam
1617 1793 1656 1822 et
1687 1786 1944 1823 Conventum
1982 1786 2104 1834 perti-

383 1851 571 1887 nentibus
601 1856 640 1887 et
670 1851 959 1898 spectantibus,
986 1851 1027 1886 in
1049 1851 1374 1900 quibuscumque
1394 1852 1514 1888 rebus
1535 1851 1774 1896 consistant,
1798 1857 1867 1887 aut
1883 1851 2012 1888 sciant
2032 1851 2103 1887 ali-

382 1928 503 1964 quem
533 1916 595 1951 vel
626 1916 787 1963 aliquos
817 1916 926 1952 dicta
954 1916 1064 1952 bona
1094 1923 1163 1952 aut
1193 1928 1242 1952 ex
1273 1916 1370 1964 ipsis
1399 1917 1537 1964 aliqua
1566 1917 1780 1962 habentes,
1805 1917 2037 1953 detinentes
2057 1929 2104 1953 ac

383 1981 457 2016 sibi
487 1981 668 2016 indebite
698 1981 1022 2029 appropriantes,
1054 1982 1228 2017 reddant
1258 1988 1297 2017 et
1316 1982 1532 2018 restituant
1560 1981 1798 2018 Guardiano
1814 1988 1884 2018 aut
1915 1981 2104 2018 Ministro

382 2046 464 2081 sive
495 2046 622 2082 Priori
652 2052 692 2081 et
721 2046 928 2082 Fratribus
971 2046 1070 2082 dicti
1105 2047 1198 2091 loci,
1245 2046 1454 2083 Ecclesiae
1497 2054 1537 2083 et
1567 2046 1818 2092 Conventus,
1865 2053 1934 2083 aut
1964 2059 2104 2084 eorum

383 2108 715 2144 procuratoribus
746 2109 947 2156 legitimis,
981 2109 1083 2145 infra
1113 2109 1348 2157 quindecim
1377 2109 1535 2146 dierum
1565 2110 1741 2158 spatium
1770 2121 1793 2145 a
1824 2109 1890 2146 die
1919 2110 2105 2146 admoni-

382 2174 539 2209 tionum
568 2174 803 2210 huiusmodi
834 2175 891 2210 eis
921 2174 1116 2210 factarum
1147 2174 1187 2209 in
1226 2181 1346 2211 antea
1389 2174 1572 2223 proxime
1615 2176 2000 2223 computandorum,
2033 2187 2104 2212 seu

382 2245 596 2286 postquam
628 2239 862 2275 huiusmodi
892 2239 1064 2276 monitio
1105 2240 1157 2276 ad
1197 2252 1338 2276 eorum
1377 2240 1565 2276 notitiam
1604 2241 1845 2288 pervenerit,
1887 2253 2017 2289 usque
2050 2242 2103 2278 ad

382 2304 559 2340 valorem
590 2304 709 2340 unius
738 2304 864 2351 grossi
893 2310 1081 2341 monetae
1113 2304 1358 2349 Florentiae.
1393 2305 1574 2342 Scientes
1603 2312 1739 2342 autem
1770 2306 1880 2342 dicta
1905 2306 2015 2342 bona
2035 2312 2104 2343 aut

383 2381 431 2404 ex
462 2369 558 2416 ipsis
587 2369 724 2416 aliqua
754 2370 965 2414 habentes,
990 2370 1234 2414 detinentes,
1269 2377 1517 2419 occupantes
1538 2377 1577 2407 et
1597 2377 1840 2420 usurpantes
1870 2377 1910 2407 et
1939 2372 2015 2408 sibi
2044 2372 2104 2407 in-

383 2433 519 2469 debite
549 2434 872 2481 appropriantes,
905 2435 1086 2470 revelent
1107 2435 1226 2471 dictis
1248 2435 1375 2471 Fratri
1397 2435 1613 2472 Francisco
1635 2443 1704 2472 aut
1725 2436 1944 2482 Fratribus,
1973 2436 2104 2473 Guar-

383 2498 521 2541 diano,
555 2498 684 2534 Priori
714 2500 776 2535 vel
807 2499 994 2536 Ministro
1026 2500 1124 2536 dicti
1157 2500 1248 2545 loci,
1270 2512 1340 2536 seu
1371 2512 1511 2537 eorum
1541 2507 1581 2537 et
1611 2502 1828 2538 cuiuslibet
1847 2514 1987 2538 eorum
2009 2502 2104 2550 legi-

382 2563 489 2598 timis
519 2563 869 2609 Procuratoribus‚
903 2570 972 2600 aut
1002 2565 1124 2600 alicui
1145 2565 1297 2601 alterae
1335 2577 1534 2613 personae
1575 2566 1750 2603 idoneae
1790 2572 1828 2603 et
1867 2567 1992 2612 fideli,
2033 2580 2104 2615 per

383 2640 505 2675 quam
534 2640 603 2664 seu
632 2629 837 2665 mediante
869 2641 963 2677 qua,
995 2630 1123 2677 possit
1152 2630 1305 2666 eisdem
1337 2630 1420 2667 fieri
1448 2631 1668 2676 restitutio,
1694 2644 1764 2668 seu
1786 2632 1990 2680 condigna
2011 2633 2104 2669 sati—

383 2692 538 2735 sfactio,
572 2693 622 2729 de
652 2693 771 2729 bonis
801 2700 840 2730 et
868 2695 988 2730 rebus
1018 2695 1274 2742 supradictis,
1298 2696 1374 2731 nisi
1396 2708 1558 2732 causam
1577 2697 1722 2733 iustam
1744 2703 1783 2733 et
1820 2697 2104 2734 rationabilem

382 2757 573 2802 habeant,
595 2770 663 2793 cur
683 2759 736 2794 ad
756 2759 975 2807 praemissa
996 2760 1162 2796 minime
1179 2766 1406 2805 teneantur,
1427 2773 1549 2809 quam
1571 2774 1706 2798 coram
1728 2762 1859 2799 Nobis
1879 2763 1941 2799 vel
1963 2764 2104 2800 subro-

381 2823 516 2870 gando
545 2823 733 2859 auditore
762 2824 802 2859 in
834 2824 1019 2860 Romana
1052 2824 1175 2861 Curia
1191 2825 1436 2862 iudicialiter
1466 2827 1642 2874 allegare
1663 2833 1896 2875 procurent,
1918 2829 1981 2864 vel
2003 2829 2103 2865 alias

383 2899 473 2923 curn
503 2888 614 2923 dicto
645 2888 782 2924 Fratre
814 2888 1029 2925 Francisco
1059 2890 1143 2925 sive
1173 2890 1380 2927 Fratribus
1401 2891 1500 2927 dicti
1530 2892 1609 2928 loci
1641 2893 1703 2928 vel
1734 2904 1874 2929 eorum
1905 2892 2103 2929 Procura-

382 2952 535 2988 toribus
565 2953 832 2989 amicabiliter
861 2960 1110 3002 componant
1138 2961 1177 2990 et
1207 2956 1472 2992 concordent.

468 3098 483 3113 «
502 3083 653 3119 Datum
683 3083 839 3120 Romae
869 3084 909 3119 in
932 3084 1121 3121 domibus
1142 3084 1317 3122 Nostrae
1338 3086 1583 3123 residentiae
1614 3093 1654 3123 et
1684 3088 1757 3123 sub
1779 3088 1911 3134 sigillo
1935 3089 2100 3137 proprio
