2325 3552
490 239 628 274 OOME
660 239 705 274 SI
735 237 1082 274 STABILIRONO
1113 237 1254 272 ALLA
1285 237 1463 273 VERNA
1493 236 1602 272 ECC.
1819 237 1892 270 321

274 397 310 433 A
340 409 440 445 capo
469 397 510 432 di
541 403 682 445 questa
710 408 926 433 numerosa
953 396 1132 443 famiglia
1161 408 1182 432 e
1204 396 1270 431 del
1292 395 1508 431 Noviziato
1530 395 1541 430 i
1562 394 1766 443 Superiori
1787 405 1894 440 mag-

191 462 294 510 giori
323 462 472 498 ebbero
503 463 584 498 fino
615 463 667 499 da
694 462 893 511 principio
925 462 962 498 la
1001 474 1095 498 cura.
1133 461 1175 497 di
1212 472 1404 509 preporre
1443 460 1454 495 i
1493 460 1667 508 migliori
1706 459 1890 506 soggetti.

191 527 303 564 Noto
333 527 375 563 in
401 528 610 576 proposito
641 528 716 564 che
745 528 812 564 dei
841 527 980 564 dodici
1008 527 1127 575 primi
1157 526 1352 574 Religiosi
1381 526 1455 562 che
1490 537 1749 574 occuparono
1769 536 1849 560 una
1870 536 1894 560 0

191 589 262 640 piu
290 593 396 630 volte
424 591 590 630 l'ufficio
620 594 661 629 di
692 592 929 630 Guardiano
958 594 1038 629 alla
1069 592 1203 629 Verna
1232 592 1298 628 dal
1333 590 1431 639 1625
1462 591 1500 627 31
1535 589 1649 639 1650,
1673 591 1729 627 361
1750 590 1894 626 furono

188 669 340 694 ancora
368 658 572 707 Superiori
593 657 823 695 dell⁷intera
844 658 1041 695 Custodia
1062 670 1085 694 o
1107 658 1323 694 Provincia
1344 658 1395 693 ed
1417 657 1507 693 altri
1528 662 1687 705 quattro
1717 655 1894 704 preposti

190 734 290 770 pure
317 723 355 759 al
384 735 562 771 governo
592 724 699 760 delle
728 724 948 760 medesime
978 735 1093 759 601116
1124 722 1296 759 Discreti
1326 734 1349 758 0
1380 721 1610 758 Definitori.

270 787 589 825 Soffermandoci
619 790 706 825 solo
737 801 791 824 un
821 789 966 825 istante
996 789 1099 824 sulla
1127 799 1300 836 persona
1329 787 1395 823 del
1434 785 1686 830 Guardiano,
1728 784 1893 820 Vicario

188 863 213 887 e
243 851 422 889 Maestro
452 854 518 889 dei
549 854 696 890 Novizi
725 854 835 890 eletti
865 854 931 889 nel
961 853 1152 901 Capitolo
1180 851 1463 899 d'Ognissanti
1493 851 1558 887 del
1585 849 1697 898 1625,
1723 850 1758 886 61
1778 849 1894 898 piace

191 922 349 954 tornare
379 916 462 955 cosi
491 919 672 955 all'anno
704 931 725 955 6
755 917 1112 955 all'avvenimento
1144 918 1217 953 che
1247 917 1375 953 forma
1415 917 1611 964 l'oggetto
1650 915 1715 951 (161
1754 920 1893 950 1103110

189 981 309 1018 breve
339 984 474 1020 studio
503 996 574 1032 per
602 984 834 1020 terminarlo
866 996 943 1020 con
973 983 1145 1032 qualche
1175 994 1305 1018 cenno
1336 982 1397 1018 3111
1426 981 1653 1017 medesimi.

269 1047 302 1083 Il
333 1048 378 1085 P.
411 1048 658 1085 Alessandro
690 1050 742 1085 (13
772 1050 899 1096 Barga
919 1048 1181 1084 destinatario
1203 1048 1269 1083 del
1290 1053 1428 1083 nostro
1450 1047 1695 1082 documento
1716 1045 1893 1081 lasci-ava

186 1112 253 1148 nel
275 1111 388 1160 1625,
407 1125 521 1150 601116
543 1115 732 1151 abbiamo
749 1115 875 1158 detto,
897 1115 935 1150 13
950 1114 1080 1150 631163
1096 1113 1294 1149 triennale
1311 1112 1352 1147 di
1370 1112 1554 1147 Discreto
1572 1111 1679 1147 della
1696 1109 1892 1146 Custodia

184 1178 352 1225 quando
381 1191 511 1215 venne
542 1180 664 1216 616110
695 1179 933 1216 Guardiano
965 1179 1072 1226 della
1107 1178 1256 1214 Verna.
1300 1177 1463 1213 Rimase
1502 1176 1543 1212 in
1583 1181 1725 1224 questa
1762 1174 1892 1210 carica

185 1242 269 1278 fino
299 1242 475 1280 all’altro
505 1244 694 1293 Capitolo
725 1243 1006 1293 d'Ognissanti
1035 1244 1102 1280 del
1148 1242 1260 1280 1628.
1304 1242 1394 1290 Egli
1432 1239 1504 1278 sali
1534 1241 1602 1290 poi
1640 1241 1678 1277 al
1715 1251 1891 1288 governo

185 1319 377 1355 supremo
407 1310 515 1346 della
544 1310 741 1347 Custodia
780 1310 1003 1346 Riformata
1040 1309 1106 1345 nel
1146 1308 1335 1357 Capitolo
1375 1307 1416 1343 di
1456 1307 1629 1351 Fiesole‚
1677 1317 1690 1341 1
1733 1305 1892 1341 ottobre

192 1371 305 1420 1632,
338 1375 403 1410 1161
433 1377 553 1423 quale
583 1376 623 1411 fu
653 1376 776 1412 616110
807 1375 988 1412 Custode
1008 1378 1078 1420 (1),
1110 1374 1321 1410 rivelando
1352 1378 1458 1409 tosto
1489 1372 1515 1407 il
1553 1383 1626 1408 suo
1655 1382 1792 1407 amore
1822 1382 1843 1406 e
1863 1370 1890 1405 il

187 1449 259 1474 suo
289 1439 376 1475 zelo
405 1451 476 1487 per
504 1441 531 1475 il
561 1441 773 1477 Santuario
813 1441 887 1477 che
926 1440 1086 1476 l’aveva
1123 1444 1246 1475 avuto
1284 1437 1522 1475 Guardiano
1561 1436 1791 1473 emanando
1820 1446 1891 1483 per

181 1509 330 1550 questo
360 1516 381 1540 e
410 1516 482 1553 per
511 1504 701 1554 l'ospizio
730 1506 983 1554 dipendente
1013 1505 1055 1540 di
1083 1504 1319 1540 Vallesanta
1348 1503 1429 1539 due
1467 1501 1701 1550 importanti
1738 1500 1890 1536 decreti

186 1569 396 1616 capitolari
415 1568 486 1618 (2).
507 1571 853 1607 Determinazioni
869 1571 999 1606 anche
1014 1567 1085 1618 piu
1102 1568 1334 1617 importanti
1354 1580 1424 1616 per
1442 1568 1468 1603 il
1484 1566 1698 1604 Santuario
1713 1577 1890 1601 vennero

185 1646 301 1682 prese
330 1635 437 1672 nella
466 1637 645 1673 seconda
674 1636 1007 1684 Congregazione
1035 1634 1276 1671 intermedia
1305 1634 1357 1669 da
1385 1633 1441 1669 lui
1470 1638 1611 1668 tenuta
1639 1632 1718 1668 3113
1754 1630 1890 1666 Verna

183 1699 213 1735 il
244 1698 292 1736 26
321 1709 463 1748 agosto
496 1700 596 1749 1634
625 1693 730 1738 sotto
762 1702 799 1738 13
828 1701 1067 1750 presidenza
1095 1700 1161 1736 del
1190 1698 1406 1737 Commiss.
1440 1697 1659 1734 Visitatore
1689 1696 1733 1732 P.
1768 1695 1891 1731 Fran-

185 1776 304 1801 cesco
334 1766 385 1802 da
414 1765 611 1816 Todi(3).
643 1767 675 1802 E
707 1767 745 1803 13
772 1767 900 1814 prima
933 1766 1043 1802 volta
1081 1765 1154 1801 che
1191 1764 1298 1812 negli
1337 1763 1410 1800 atti
1449 1762 1663 1799 custodiali
1701 1772 1888 1808 vengono

184 1825 518 1878 capitolarrnente
547 1832 746 1880 designati
775 1832 787 1867 i
818 1832 897 1867 due
929 1831 1081 1867 Romiti
1110 1831 1216 1866 delle
1250 1829 1316 1866 SS.
1358 1829 1526 1865 Stimate
1560 1828 1639 1864 alla
1660 1826 1795 1863 Verna
1825 1826 1887 1862 col

181 1906 307 1931 nome
334 1896 376 1932 di
405 1896 634 1942 Assistenti,
667 1910 688 1933 e
717 1897 729 1932 i
760 1897 846 1933 loro
877 1897 984 1932 uffici
1014 1896 1066 1932 ed
1096 1895 1355 1932 attribuzioni
1388 1905 1575 1941 vengono
1596 1892 1888 1928 minutamente

179 1960 440 1998 determinati
458 1960 529 2011 (4),
563 1963 743 2011 esempio
774 1962 849 1998 che
878 1974 962 1998 non
991 1962 1031 1997 fu
1062 1958 1131 2009 pisi
1161 1961 1318 2008 seguito
1349 1960 1391 1995 in
1420 1970 1625 2007 appresso.
1669 1957 1758 2005 Egli
1796 1969 1887 2006 pro-

280 2127 331 2169 (1)
357 2130 434 2162 Lz'b.
470 2129 566 2162 Cnst.
595 2130 644 2162 Π,
673 2139 748 2169 pag.
783 2135 860 2168 125.
890 2127 1096 2158 Sottoscrive
1123 2127 1187 2167 agli
1213 2126 1273 2157 atti
1299 2125 1485 2166 capitolari,
1515 2134 1548 2165 p.
1583 2132 1660 2164 132.

280 2186 329 2230 (2)
358 2188 412 2218 Ivi
437 2198 471 2229 p.
506 2197 584 2228 131.
613 2188 691 2218 Essi
718 2198 801 2218 sono
828 2187 851 2217 il
879 2195 896 2228 3
925 2197 942 2217 e
967 2187 991 2217 il
1018 2197 1037 2227 4
1064 2187 1135 2216 cosi
1161 2185 1348 2226 concepiti:

286 2261 301 2276 «
316 2256 347 2288 3.
378 2266 421 2270 —
448 2247 668 2278 Provideatur
693 2247 786 2288 quod
819 2247 854 2277 in
888 2246 923 2277 S.
961 2247 1081 2276 Monte
1115 2246 1296 2276 Alverniae
1329 2254 1396 2274 non
1430 2242 1632 2283 recipiantur
1658 2242 1819 2283 pecuniae
1851 2243 1885 2273 in

181 2307 400 2343 baccellettis‚
428 2317 488 2338 nec
514 2318 532 2337 a
557 2307 677 2347 quovis
703 2306 768 2336 alio
794 2306 859 2336 nisi
884 2317 903 2336 a
928 2306 1163 2336 Procuratore.

279 2377 311 2407 4.
344 2384 386 2389 --
414 2366 636 2397 Provideatur
662 2366 747 2396 circa
772 2365 959 2406 hospitium
985 2365 1026 2395 de
1056 2364 1272 2395 Vallesancta
1297 2363 1430 2393 Vernae
1448 2361 1540 2402 quod
1558 2360 1641 2391 nihil
1659 2361 1750 2402 quod
1775 2361 1809 2391 in
1827 2361 1885 2392 illo

180 2427 350 2463 recolitur,
378 2436 439 2457 nec
464 2426 626 2456 vendatur
651 2436 711 2456 nec
737 2426 896 2466 pecuniae
923 2435 984 2466 pro
1009 2425 1067 2455 illo
1094 2424 1308 2464 recipiantur,
1338 2421 1481 2452 maxime
1508 2421 1548 2451 de
1573 2420 1670 2461 lignis
1697 2431 1782 2461 quae
1808 2425 1885 2451 sunt

178 2486 216 2516 in
241 2485 298 2516 illo
324 2496 460 2516 nemore
478 2498 491 2513 »
506 2510 513 2516 .

279 2545 331 2588 (3)
358 2545 434 2576 Lz'b.
469 2545 565 2575 Cust.
595 2545 645 2581 ΙΙ,
673 2555 708 2585 p.
742 2551 819 2585 155.

280 2605 326 2644 (4)
356 2604 410 2634 Ne
435 2604 630 2644 riportiamo
657 2614 716 2644 per
740 2603 848 2633 intero
874 2602 898 2632 il
932 2607 1018 2632 testo
1053 2601 1107 2631 dal
1140 2601 1215 2631 Lib.
1260 2600 1354 2630 Cust.
1384 2599 1434 2634 ΙΙ,
1461 2608 1537 2640 pag.
1580 2604 1656 2638 155,
1695 2598 1839 2638 sfuggito
1866 2609 1884 2628 a

177 2663 298 2704 quanti
327 2662 438 2693 hanno
471 2663 600 2704 parlato
618 2662 663 2693 fin
682 2663 739 2703 qui
759 2662 845 2692 della
863 2661 1020 2692 Chiesina
1038 2671 1055 2691 e
1088 2659 1142 2690 del
1160 2659 1355 2689 Romitorio
1373 2657 1459 2688 delle
1493 2657 1633 2688 Stimate
1666 2656 1730 2687 alla
1759 2657 1880 2688 Verna.

285 2722 489 2753 «Sacrorum
516 2722 717 2762 Stigmatum
743 2721 931 2751 humillime
957 2726 989 2750 61
1015 2718 1231 2749 devotissime
1257 2717 1475 2748 assistentes:
1510 2717 1567 2747 Pr.
1590 2716 1629 2746 fr.
1651 2716 1880 2746 Niccodemus

181 2781 223 2811 de
249 2781 372 2811 Pionta
396 2786 428 2811 et
454 2782 510 2811 Pr.
538 2781 578 2811 fr.
607 2781 806 2811 Franciscus
833 2780 940 2810 Maria
965 2790 984 2809 a
1010 2779 1169 2814 Risecco,
1189 2777 1341 2818 quicum
1360 2776 1479 2806 merito
1497 2781 1530 2806 et
1547 2780 1725 2816 praecepto
1751 2780 1882 2806 sanctae

177 2839 390 2870 obedientiae
416 2840 469 2870 die
494 2845 664 2880 noctuque
690 2840 841 2869 divinum
872 2839 1020 2869 officium
1039 2838 1192 2873 recitent,
1213 2836 1355 2866 orationi
1373 2835 1529 2866 studeant
1549 2834 1686 2864 mentali
1704 2839 1736 2864 et
1754 2839 1883 2865 caetera

180 2899 352 2940 perficiant
376 2899 410 2929 in
436 2899 664 2939 spiritualibus
691 2909 776 2939 quae
794 2908 811 2928 e
829 2898 966 2928 caeteris
986 2897 1142 2927 Patribus
1161 2901 1194 2926 et
1214 2895 1369 2925 fratribus
1387 2894 1421 2924 in
1440 2893 1558 2924 maiori
1575 2893 1714 2923 ecclesia
1732 2894 1882 2933 quotidie

178 2963 392 2999 peraguntur.
422 2959 566 2998 Insuper
591 2962 744 2998 respectu
770 2957 849 2987 mali
873 2956 986 2987 odoris
1013 2966 1052 2986 ex
1078 2954 1302 2996 lampadibus,
1330 2953 1506 2983 hominum
1534 2962 1571 2982 ac
1597 2951 1775 2982 mulierum
1802 2962 1880 2982 con-

180 3027 346 3058 cursuque
370 3017 496 3047 ibidem
522 3017 660 3054 causati,
688 3015 863 3046 thimiama
888 3025 986 3056 saepe
1012 3014 1144 3055 saepius
1171 3013 1360 3044 incendant.
1382 3012 1531 3042 Ulterius
1548 3011 1637 3041 illius
1656 3010 1818 3041 fenestrae
1835 3011 1881 3041 ita

176 3081 334 3116 aptentur
359 3082 396 3107 ut
422 3076 530 3107 claudi
559 3081 593 3107 et
617 3076 738 3117 aperiri
771 3080 962 3116 opportune
996 3074 1140 3115 possint.
1183 3074 1228 3103 Et
1266 3072 1401 3103 tandem
1440 3076 1478 3101 ut
1503 3070 1617 3100 omnia
1653 3069 1806 3100 Oratoria
1843 3080 1880 3101 ac

178 3134 374 3166 sanctuaria
399 3146 437 3166 ea
461 3135 645 3166 reverentia
670 3134 900 3165 custodiantur
925 3138 1025 3175 prout
1058 3133 1154 3163 decet
1187 3132 1228 3162 ad
1262 3136 1329 3162 tam
1364 3130 1623 3161 sacratissimum
1649 3128 1759 3159 locum
1793 3129 1882 3160 iusta

1776 3261 1807 3289 21
