2325 3552
594 203 634 236 lli
663 204 698 236 B.
727 201 953 236 GlOVANNl
982 201 1133 234 DELLA
1161 200 1321 233 VERNA
1348 199 1441 232 EGO.
1793 199 1852 231 147

283 389 431 451 narratio
470 388 615 456 uiantes
653 388 773 449 Beatus
813 386 1001 447 frantistus
1039 385 1229 452 imuetravn
1266 384 1509 452 intumentia]
1549 383 1756 444 portiuncula

379 595 430 648 [1.
462 595 664 635 Narratio
697 594 861 634 Fratris
892 594 1049 633 Marini
1080 593 1245 641 nepotis
1276 592 1443 645 Fratris
1473 589 1658 643 Massei.]

229 697 320 731 Cum
348 700 463 731 staret
492 698 620 730 beatus
647 696 866 730 Franciscus
894 695 990 740 apud
1018 700 1186 729 sanctam
1214 694 1372 728 Mariam
1399 695 1442 727 de
1461 693 1703 727 Portiuncula
1724 692 1793 725 fuit
1813 692 1881 725 sibi

157 758 199 791 de
227 761 332 791 nocte
359 757 564 790 revelatum
592 767 613 789 a
640 756 706 789 deo
735 755 793 799 (1),
822 759 1005 800 quatenus
1033 755 1076 788 ad
1105 754 1297 788 dominum
1324 754 1533 798 pontificem
1554 750 1776 798 sum[m]um
1805 752 1880 785 Ho-

159 817 320 856 norium,
348 816 410 861 qui
439 826 503 860 pro
530 819 694 860 tempore
721 820 800 849 erat
827 815 984 855 Perusii,
1011 815 1202 848 accederet
1221 824 1284 858 pro
1304 813 1536 857 indulgentia
1555 812 1711 856 petenda
1738 812 1794 845 vcl
1821 811 1883 844 in-

157 876 336 921 petranda
375 887 438 920 pro
478 876 606 909 eadem
646 875 802 909 ecclesia
839 879 966 908 sancte
1006 874 1121 908 Marie
1149 874 1191 907 de
1219 873 1463 907 Portiuncula
1500 876 1589 905 tunc
1618 875 1788 916 reparata
1820 882 1883 915 per

157 936 291 980 ipsum.
320 935 389 974 Qui
418 935 460 969 de
487 945 595 968 mane
622 945 850 978 consurgens
877 933 1023 967 vocavit
1049 934 1202 967 fratrem
1222 933 1409 966 Masseum
1437 932 1481 966 de
1507 932 1726 975 Marignano
1745 931 1882 964 sotium

157 1006 280 1035 suum,
307 1006 391 1029 cum
419 1006 490 1040 quo
517 995 630 1028 simul
657 999 747 1034 erat.
775 998 810 1027 et
837 1004 961 1027 coram
989 993 1086 1026 dicto
1113 992 1261 1026 domino
1287 991 1448 1026 Honorio
1476 1003 1514 1025 se
1536 991 1761 1036 presentavit
1780 995 1815 1024 et
1834 990 1883 1023 di-

157 1055 222 1088 xit:
249 1054 382 1088 Sancte
409 1058 523 1099 pater,
552 1065 668 1098 nuper
695 1054 739 1087 ad
769 1053 941 1087 honorem
965 1052 1121 1096 virginis
1143 1052 1272 1086 matris
1292 1051 1342 1085 Xi
1375 1051 1542 1096 reparavi
1562 1050 1665 1084 vobis
1686 1060 1797 1083 unam
1817 1061 1881 1083 ec-

159 1114 323 1155 clesiam,
351 1115 516 1159 supplico
544 1114 734 1148 sanctitati
763 1118 894 1154 vestre⁷
918 1113 1012 1158 quod
1033 1112 1177 1157 ponatis
1197 1112 1247 1145 ibi
1267 1111 1538 1155 indulgentiam
1567 1112 1705 1155 absque
1733 1110 1884 1144 oblatio-

158 1174 277 1207 nibus.
306 1174 375 1213 Qui
404 1174 590 1218 respondit
617 1173 685 1207 hoc
712 1173 973 1207 convenienter
1001 1184 1068 1205 non
1091 1183 1196 1216 posse
1215 1171 1305 1211 fieri⁷
1326 1171 1499 1216 quoniam
1521 1171 1582 1215 qui
1610 1169 1882 1214 indulgentiam

158 1234 260 1278 petit‚
287 1237 429 1278 oportet
456 1234 550 1278 quod
580 1233 697 1277 ipsam
727 1237 915 1266 mereatur
942 1243 1094 1265 manum
1135 1232 1348 1276 apponendo
1388 1230 1621 1269 adiutricem3
1658 1230 1718 1263 sed
1760 1229 1884 1262 indica

159 1293 283 1334 michi,
310 1298 398 1338 quot
425 1303 541 1326 annos
568 1292 635 1332 vis⁷
663 1292 757 1337 quod
786 1292 829 1325 de
858 1291 1092 1335 indulgentia
1118 1301 1252 1336 ponam
1280 1291 1340 1324 ibi.
1370 1290 1434 1324 Cui
1471 1294 1622 1323 sanctus
1662 1289 1882 1323 Franciscus

158 1353 355 1397 respondit:
385 1352 517 1386 Sancte
545 1353 703 1393 domine7
731 1353 874 1397 placeat
901 1351 1090 1385 sanctitati
1119 1354 1250 1390 vestre,
1279 1350 1374 1395 quod
1402 1350 1612 1395 quicunque
1641 1348 1809 1382 venerint
1835 1349 1880 1382 ad

158 1412 352 1446 ecclesiam
380 1412 491 1446 istam
519 1412 676 1446 confessi
704 1416 739 1445 et
766 1412 915 1445 contriti
955 1416 1000 1450 etq
1041 1411 1137 1444 sicut
1176 1410 1333 1455 expeciit,
1365 1410 1524 1443 absoluti
1552 1420 1615 1454 per
1642 1409 1882 1447 sacerdotem„

156 1472 401 1506 absolvantur
427 1482 450 1505 a·
475 1482 570 1516 pena
596 1476 631 1505 et
658 1482 679 1505 a
706 1472 815 1516 culpa
841 1471 877 1504 in
906 1471 982 1504 celo
1009 1475 1044 1504 et
1072 1471 1108 1504 in
1136 1475 1246 1511 terra,
1274 1480 1295 1504 a
1323 1470 1380 1503 die
1408 1469 1645 1503 babtismatis
1686 1479 1801 1513 usque
1837 1468 1881 1502 ad

158 1532 254 1566 diem
282 1535 317 1565 et
344 1532 474 1566 horam
502 1532 688 1576 introytus
716 1531 868 1565 ecclesie
895 1530 1117 1575 supradicte.
1146 1530 1325 1564 Dominus
1353 1540 1448 1574 papa
1484 1529 1681 1573 respondit:
1723 1522 1883 1561 Multum

157 1596 223 1632 est⁷
251 1592 345 1637 quod
374 1591 480 1636 petis,
509 1591 714 1631 Francisce3
743 1602 809 1625 nec
835 1591 935 1625 enim
963 1594 1017 1624 est
1044 1590 1145 1623 curie
1174 1599 1324 1623 romane
1351 1589 1578 1622 consuetudo
1606 1588 1719 1621 talem
1754 1587 1884 1621 indul-

159 1651 324 1696 gentiam
351 1651 508 1685 exibere.
537 1651 701 1691 Domine7
729 1651 824 1695 quod
853 1655 934 1695 peto
963 1661 1032 1683 non
1061 1661 1104 1683 ex
1132 1654 1234 1694 parte
1263 1659 1355 1688 mea,
1383 1649 1444 1682 sed
1473 1659 1516 1682 ex
1543 1652 1647 1692 parte
1667 1647 1768 1681 illius
1789 1651 1880 1691 peto,

160 1711 223 1756 qui
251 1711 354 1745 misit
381 1722 438 1744 me
466 1711 638 1745 dominus
676 1710 747 1756 yhs
786 1721 862 1755 xps.
903 1710 1003 1743 Tunc
1043 1709 1215 1743 dominus
1243 1719 1337 1753 papa
1364 1708 1489 1742 statim
1520 1708 1647 1741 intulit
1674 1711 1728 1741 ter
1747 1707 1883 1741 dicens:

161 1772 310 1805 Placeat
345 1771 449 1811 mihi,
489 1771 583 1815 quod
613 1770 761 1804 habeas.
790 1770 937 1803 Domini
966 1770 1178 1813 gardinales
1207 1769 1264 1813 (52).
1294 1768 1356 1813 qui
1384 1772 1471 1801 tunc
1498 1768 1664 1807 aderant,
1693 1767 1884 1811 responde-

160 1834 255 1864 runt:
286 1830 425 1870 Videte,
453 1830 612 1870 domine„
639 1830 815 1875 quoniam
842 1830 871 1863 si
901 1830 986 1863 huic
1014 1830 1124 1863 talem
1159 1828 1432 1872 indulgentiam
1468 1828 1634 1866 exibetis,
1677 1827 1884 1860 ultramari-

159 1901 244 1924 nam
273 1890 476 1931 destruitis,
504 1895 538 1923 et
565 1890 797 1934 indulgentia
818 1891 1010 1923 beatorum
1040 1889 1138 1922 Petri
1159 1893 1192 1921 ct
1212 1888 1320 1922 Pauli
1348 1888 1391 1921 ad
1421 1888 1603 1921 nichilum
1632 1887 1806 1931 redigerit
1835 1886 1882 1931 (3)

161 1954 197 1984 et
224 1962 287 1995 pro
316 1950 453 1984 nichilo
493 1951 736 1995 reputabitur.
777 1950 977 1994 Respondit
1018 1949 1190 1983 dominus
1230 1959 1335 1993 papa:
1368 1948 1545 1981 Dedimus
1572 1951 1607 1981 et
1633 1947 1884 1981 concessimus

162 2020 244 2043 eam
272 2010 354 2044 sibi.
383 2011 461 2043 Non
490 2021 660 2054 possimis
688 2020 753 2042 nee
780 2009 926 2053 expedit
953 2009 987 2042 id
1015 2009 1205 2042 destruere
1232 2008 1327 2053 quod
1356 2008 1496 2041 factum
1523 2011 1590 2047 est,
1620 2006 1682 2040 sed
1702 2007 1884 2040 modifice-

159 2080 243 2103 mus
283 2081 376 2110 eam,
419 2074 457 2103 ut
495 2074 641 2103 tantum
681 2069 725 2102 ad
766 2070 863 2102 diem
893 2069 1100 2103 naturalem
1136 2080 1173 2101 se
1202 2068 1386 2101 extendat.
1415 2068 1515 2100 Tunc
1542 2066 1688 2100 vocavit
1714 2070 1886 2099 sanctum

160 2127 442 2175 F[ranciscum]‚
470 2133 505 2163 et
532 2129 624 2162 dixit
652 2129 732 2163 sibi:
760 2129 862 2168 Ecce,
891 2140 933 2162 ex
961 2140 1058 2161 nunc
1086 2128 1334 2168 concedimus,
1371 2127 1465 2172 quod
1499 2127 1709 2171 quicunque
1744 2125 1887 2159 venerit

161 2193 196 2222 et
224 2189 417 2222 intraverit
445 2189 649 2233 predictam
676 2189 882 2228 ecclesiam,
911 2189 1000 2222 bene
1027 2189 1217 2221 confessus
1253 2192 1287 2221 et
1326 2187 1518 2226 contritus7
1559 2186 1607 2219 sit
1646 2186 1839 2220 absolutus
1867 2196 1887 2219 a

162 2258 254 2293 pena
281 2253 316 2282 et
342 2249 461 2292 culpa.
481 2249 525 2281 Et
545 2248 612 2282 hoc
637 2249 757 2282 valore
786 2248 957 2282 volumus
985 2248 1144 2291 singulis
1171 2247 1278 2280 annis
1295 2247 1340 2291 (4)
1362 2247 1398 2279 in
1419 2251 1637 2291 perpetuum
1658 2250 1803 2279 tantum
1825 2256 1888 2289 per

161 2308 259 2342 diem
287 2308 508 2345 naturalem,
537 2319 558 2341 a
585 2308 714 2352 primis
742 2308 904 2352 vesperis
932 2308 1152 2341 includendo
1181 2312 1324 2341 noctem
1346 2318 1460 2351 usque
1479 2306 1523 2339 ad
1547 2316 1717 2350 vesperas
1737 2316 1887 2349 sequen-

162 2368 209 2401 tis
237 2368 319 2401 diei.
348 2368 449 2401 Tunc
476 2368 508 2401 b.
537 2366 797 2414 F[ranciscus]‚
838 2367 1014 2401 inclinato
1053 2368 1183 2412 capite,
1223 2367 1483 2410 egrediebatur
1510 2366 1553 2399 de
1580 2365 1728 2410 palatio.
1770 2365 1886 2403 Quem

164 2427 336 2461 dominus
365 2438 458 2471 papa
499 2427 627 2461 videns
666 2427 780 2466 abire,
819 2428 965 2461 vocavit
1004 2438 1088 2461 eum
1117 2437 1152 2460 et
1179 2427 1270 2459 dixit
1297 2427 1341 2460 ei:
1370 2426 1397 2460 O
1426 2425 1669 2470 simplicione,
1706 2424 1887 2469 quomodo

164 2486 278 2527 vadis,
298 2487 384 2531 quid
405 2491 529 2531 portas
549 2491 588 2520 tu
609 2487 651 2520 de
671 2487 885 2520 huiusmodi
913 2485 1168 2530 indulgentia?
1191 2487 1236 2519 Et
1254 2487 1286 2519 b.
1309 2483 1557 2532 F*[ranciscus]
1578 2484 1777 2529 respondit:
1798 2484 1888 2517 Tan-

164 2551 245 2580 tum
272 2546 408 2580 sufficit
437 2547 528 2579 milii
557 2547 709 2580 verbum
738 2551 856 2583 tuum.
884 2547 914 2579 si
942 2557 1033 2590 opus
1061 2546 1117 2579 dei
1145 2551 1211 2583 est,
1240 2546 1316 2590 ipse
1343 2556 1453 2579 suum
1481 2556 1572 2589 opus
1600 2544 1711 2578 habet
1738 2543 1889 2577 manife-

165 2610 275 2645 stare,
302 2606 345 2639 de
374 2606 485 2640 huius
513 2606 613 2639 aliud
642 2617 708 2649 ego
736 2607 819 2640 nolo
847 2607 1112 2639 istrumentum
1141 2606 1199 2648 (5),
1220 2605 1280 2639 sed
1301 2609 1447 2639 tantum
1468 2605 1515 2638 sit
1535 2608 1638 2638 carta
1656 2604 1764 2637 beata
1783 2603 1887 2646 virgo

164 2666 294 2704 Maria.
324 2666 489 2699 notarius
517 2667 565 2699 sit
592 2677 669 2710 xps7
697 2670 731 2699 et
758 2665 880 2709 angeli
908 2666 983 2699 sint
1009 2669 1133 2699 testes.
1163 2665 1241 2709 lpse
1273 2669 1397 2698 autem
1441 2664 1612 2698 recedens
1653 2663 1695 2697 de
1737 2662 1889 2696 perusio

239 2850 285 2892 (1)
315 2850 341 2883 ll
368 2850 451 2883 Cod.
481 2851 528 2883 lia
555 2850 589 2883 tl.
618 2861 683 2883 con
711 2851 767 2883 l'o
795 2850 1046 2894 soprascritta.

239 2910 286 2953 (2)
315 2909 392 2943 Sic!

239 2968 285 3011 (3)
314 2967 390 3002 Sic!

239 3027 286 3071 (4)
314 3028 399 3061 Cod.
427 3027 580 3069 amyclis

242 3087 288 3131 (5)
316 3086 390 3121 Sic!
