2325 3552
455 190 524 225 23ss
1037 188 1080 223 P.
1108 188 1327 223 ADOLFO
1356 188 1583 224 MARTINI

458 356 564 383 sono
589 346 702 382 state
719 343 901 381 rivelate
923 354 1001 393 per
1022 341 1184 380 oracoli
1205 341 1294 380 dati
1315 341 1369 380 da
1390 341 1471 380 Dio
1495 354 1516 380 e
1541 342 1619 380 che
1640 353 1771 393 passo
1795 344 1908 380 sotto
1932 341 2111 380 silenzio
2131 357 2164 380 ».

456 408 539 446 Del
568 411 685 447 resto
718 407 856 446 anche
887 406 1207 458 prescindendo
1239 406 1294 445 da
1331 407 1407 445 tali
1444 407 1612 459 private
1652 406 1907 447 rivelazioni
1945 409 2056 446 tutto
2100 407 2164 446 cib

457 489 475 509 «
496 473 518 511 e
552 472 697 511 0111010
727 484 806 523 per
836 483 882 510 se
915 475 1056 510 stesso
1089 471 1170 509 alle
1202 472 1338 511 menti
1366 472 1619 520 illuminate,
1641 471 1757 510 dalla
1787 471 1999 512 Scrittura
2020 471 2166 511 divina

457 550 477 576 e
510 537 621 576 dalle
652 538 743 576 loro
774 536 835 587 ((11
866 537 1009 587 questi
1037 536 1139 575 falsi
1168 536 1294 588 Papi)
1325 537 1576 588 operazioni
1596 537 1656 587 (1)
1677 552 1709 575 ».

589 602 674 641 Per
702 603 743 641 10
775 605 916 641 stesso
947 602 1108 641 motivo
1139 601 1351 640 Ubertino
1384 602 1419 641 si
1451 601 1615 653 scaglia
1645 604 1794 640 contro
1829 601 1843 639 i
1880 601 2073 652 religiosi
2110 601 2166 639 ri-

456 667 611 707 lassati
641 667 683 706 di
713 667 814 717 quel
843 670 1002 718 tempo,
1033 667 1047 704 i
1077 666 1193 717 quali
1221 667 1497 706 unicamente
1529 679 1607 718 per
1636 666 1741 705 mire
1774 666 2008 705 ambiziose
2046 678 2067 704 e
2088 678 2167 717 per

455 736 653 772 ottenere
686 732 857 772 cariche
882 744 902 771 e
922 732 1087 783 dignita
1118 732 1446 771 ecclesiastiche
1471 748 1489 768 «
1511 734 1659 770 contro
1681 731 1912 783 l‘opinione
1935 730 1977 769 di
2005 733 2117 770 tutto
2137 731 2167 768 il

455 798 612 837 mondo
632 814 651 834 »
676 801 933 837 0001000010
953 797 1179 837 130011ἶο010
1199 810 1220 836 0
1245 814 1263 833 <<
1283 809 1336 835 00
1369 797 1614 842 0001101000
1634 797 1673 835 10
1696 796 1907 835 decisioni
1920 808 1999 848 per
2017 808 2165 835 mezzo

456 864 566 902 delle
597 864 688 902 loro
718 862 908 902 ferventi
937 862 1232 914 predicazioni
1263 875 1283 900 e
1315 862 1525 902 minaccie
1567 862 1606 900 ai
1643 861 1788 913 popoli
1826 861 1939 900 della
1977 860 2166 913 denega-

455 929 578 968 zione
611 928 754 980 d'ogni
783 927 931 979 grazia
961 927 1015 966 da
1053 928 1134 966 Dio
1174 928 1289 966 nella
1318 928 1409 966 vita
1445 929 1650 978 presente
1683 939 1705 965 e
1737 926 1808 965 del
1844 926 1973 966 fuoco
2016 928 2164 965 eterno

455 994 571 1032 nella
600 993 759 1037 futura,
795 1005 840 1032 se
872 1005 959 1032 non
990 993 1029 1032 lo
1060 993 1325 1031 ritenessero
1356 1005 1434 1043 per
1462 1004 1576 1043 papa
1607 992 1660 1030 ed
1691 1003 1996 1031 osservassero
2026 991 2066 1029 10
2089 1003 2164 1030 0110

455 1062 662 1098 0001011Ζο
684 1075 702 1094 »
735 1058 808 1109 (2).

590 1124 657 1162 Da
676 1126 788 1162 tutto
811 1123 953 1174 quello
977 1123 1056 1162 che
1079 1123 1278 1161 abbiamo
1301 1130 1476 1174 esposto
1497 1123 1663 1169 1100110,
1684 1123 1742 1161 101
1761 1135 1878 1174 pare,
1901 1122 2167 1161 abbastanza

456 1190 602 1229 chiaro
635 1189 713 1228 che
743 1189 772 1228 il
802 1189 868 1227 Da
900 1188 1066 1235 Casale,
1096 1188 1298 1240 ponendo
1333 1189 1375 1227 la
1394 1188 1703 1240 pregiudiziale
1727 1188 1837 1227 sulla
1856 1187 2104 1239 legittimita
2125 1186 2167 1225 di

454 1255 555 1306 quei
584 1258 648 1293 tre
671 1254 902 1302 Pontefici,
923 1254 967 1292 in
990 1254 1077 1293 essi
1098 1254 1376 1293 combatteva
1404 1266 1491 1292 non
1511 1253 1730 1293 l'autorita
1751 1256 1906 1302 stessa‚
1927 1253 2040 1291 nelle
2069 1264 2166 1304 per-

455 1333 559 1360 sone
593 1320 671 1360 che
702 1332 757 1358 ne
787 1319 957 1358 fossero
988 1319 1348 1370 legittimamente
1370 1319 1589 1368 investite,
1611 1331 1681 1357 ma
1711 1319 1898 1358 soltanto
1920 1318 2063 1369 quelli,
2087 1318 2165 1357 0110

456 1385 768 1437 coll'appoggio
800 1385 912 1423 della
945 1384 1079 1425 Sacra
1113 1384 1338 1429 Scrittura,
1379 1384 1524 1436 specie
1557 1384 1916 1435 dell’Apocalisse
1954 1383 2166 1435 interpre—

453 1455 567 1490 trata
588 1463 612 1489 a
634 1463 710 1490 suo
728 1450 867 1496 modo,
891 1462 912 1488 e
937 1466 955 1486 «
975 1449 1013 1488 (Γ
1026 1450 1342 1488 1011011101011011
1361 1466 1378 1486 »
1404 1450 1617 1489 sedicenti
1632 1449 1885 1489 rivelazioni
1902 1449 2165 1501 apparivano

456 1529 480 1555 a
500 1516 559 1555 lui
590 1528 711 1555 esser
740 1515 840 1554 falsi
869 1515 1091 1567 pontefici.
1124 1515 1289 1566 Questo
1322 1528 1466 1554 errore
1489 1516 1512 1554 e
1533 1515 1563 1554 il
1582 1515 1786 1554 massimo
1816 1515 1883 1553 fra
1902 1515 1917 1553 i
1937 1515 2167 1554 commessi

455 1582 512 1621 da
532 1581 758 1629 Ubertino‚
780 1593 850 1619 ma
871 1581 1092 1619 0111010010
1116 1581 1258 1631 quello
1282 1581 1375 1626 che.r
1399 1580 1584 1620 essendo
1608 1572 1851 1632 sopratutto
1874 1579 1988 1619 della
2007 1582 2165 1625 mente,

455 1650 638 1686 attenua.
667 1646 784 1685 forse
817 1646 857 1684 di
879 1646 1010 1685 molto
1032 1646 1074 1684 la
1095 1658 1174 1684 sua
1193 1645 1531 1697 responsabilita
1560 1645 1735 1684 morale.

598 1823 643 1853 (1)
664 1820 725 1847 Ivi.

598 1868 642 1896 (2')
665 1868 687 1894 f.
708 1868 760 1894 232
781 1867 858 1894 vab.

598 1915 810 1948 Riportiamo
840 1922 936 1941 come
971 1915 1089 1947 saggio
1117 1914 1207 1941 della
1242 1915 1351 1941 forma
1373 1914 1527 1940 violenta
1546 1915 1644 1940 usata
1667 1913 1709 1939 da
1730 1912 1896 1939 Ubertino
1917 1912 2010 1939 nelle
2032 1918 2092 1938 sue
2113 1911 2167 1937 in-

454 1964 585 1991 10111νο
602 1970 649 1990 un
666 1965 777 1989 tratto.
794 1962 856 1989 che
872 1961 889 1988 e
906 1962 1054 1988 insieme
1070 1962 1188 1995 sag-gio
1204 1961 1259 1988 del
1276 1969 1337 1988 suo
1353 1961 1439 1988 stile.
1456 1961 1567 1988 donde
1580 1962 1735 1993 traspare
1750 1967 1819 1987 uno
1835 1959 1954 1993 spirito
1969 1959 2061 1986 assai
2077 1959 2166 1986 esai-

455 2014 523 2039 tato
540 2011 634 2038 nella
646 2011 756 2037 forma
770 2011 982 2036 certamente
1004 2009 1149 2036 el'ficace
1171 2016 1188 2035 0
1209 2009 1354 2035 vibrata.
1375 2000 1402 2035 'E
1426 2009 1615 2042 sopratutto
1637 2007 1729 2034 nelle
1745 2007 1915 2034 invettive
1937 2006 2000 2034 che
2024 2006 2165 2033 l'anima

455 2060 507 2086 del
538 2059 590 2086 Da
605 2058 727 2085 Casale
749 2058 777 2084 si
798 2057 910 2084 rivela
930 2058 1018 2084 tutta
1037 2057 1158 2084 intera.
1180 2056 1220 2083 A]
1243 2057 1264 2083 f.
1285 2058 1318 2083 87
1340 2057 1377 2083 rb
1400 2056 1428 2083 si
1451 2056 1566 2089 leg-ge:

598 2108 608 2119 ‘⁵'
624 2106 651 2134 O
666 2106 785 2133 anima
800 2112 878 2132 mea
892 2112 1031 2132 assume
1047 2104 1108 2131 tibi
1123 2104 1317 2131 lamentum
1333 2110 1437 2136 super
1452 2103 1657 2130 00011111000
1673 2103 1746 2130 filio
1762 2102 1882 2136 populi
1896 2103 1973 2135 11101,
1989 2102 2070 2134 quia
2084 2109 2165 2129 ocu-

453 2156 496 2182 lis
512 2155 579 2182 tuis
591 2154 711 2181 vidisti
723 2156 896 2187 pastorem
908 2155 940 2180 et
953 2154 1107 2185 pastores
1120 2160 1189 2179 non
1202 2152 1314 2179 solum
1330 2159 1398 2179 non
1412 2153 1621 2178 correctores
1635 2151 1695 2178 sed
1707 2153 1738 2178 et
1750 2158 1882 2183 avaros,
1895 2157 2041 2183 quorum
2053 2150 2165 2176 omnis

454 2203 609 2231 amicitia
628 2202 767 2229 videtur
787 2201 895 2228 fuisse
917 2201 953 2227 in
974 2201 1118 2227 malitia.
1139 2200 1226 2227 Nam
1249 2200 1435 2227 sceleratos
1457 2202 1489 2226 et
1508 2200 1660 2226 infames
1682 2199 1841 2226 homines
1861 2198 2038 2225 habebant
2052 2198 2088 2224 in
2104 2204 2164 2224 sua

454 2251 597 2278 familia.
618 2250 680 2277 1100
702 2252 819 2277 autem
840 2249 1092 2282 promovebant
1112 2248 1148 2274 in
1170 2255 1233 2275 sua
1254 2248 1411 2277 ecclesia,
1427 2247 1501 2280 pios
1523 2250 1554 2274 et
1570 2249 1707 2274 sanctos
1723 2246 1939 2279 repellebant
1954 2252 2013 2279 pro
2029 2245 2165 2272 iniuria.

454 2299 637 2332 Lugebant
659 2298 732 2324 dari
752 2297 858 2330 gratis
878 2296 1063 2324 beneficia.
1084 2304 1153 2323 non
1176 2296 1305 2323 dabant
1321 2298 1443 2322 sancta
1462 2295 1529 2322 nisi
1552 2302 1611 2327 pro
1627 2295 1786 2327 pecunia.
1800 2301 1870 2321 non
1892 2294 2077 2321 curabatur
2097 2293 2164 2319 nisi

454 2346 634 2381 parentela
656 2347 688 2372 et
709 2345 767 2377 qui
788 2345 900 2371 bonus
921 2344 1109 2371 accedebat
1130 2344 1263 2370 redibat
1284 2348 1364 2370 ‘cum
1379 2343 1522 2370 malitia.
1544 2342 1690 2369 Hic-cine
1711 2349 1794 2369 vero
1817 2343 1868 2369 est
1882 2342 1947 2368 iste
1963 2342 2080 2374 pastor
2094 2340 2165 2367 sin-

454 2393 621 2427 gulariter
642 2392 696 2419 dei
713 2392 755 2422 (Ἣ
773 2399 839 2424 quo
861 2391 992 2418 dictum
1014 2394 1065 2418 est
1087 2398 1191 2423 supra
1205 2393 1385 2422 tamquam
1397 2390 1503 2417 stulto
1517 2381 1550 2417 01
1564 2389 1720 2416 adultero
1736 2389 1864 2416 debent
1877 2395 1964 2415 vasa
1978 2387 2164 2421 pastoralia

455 2441 558 2473 digne
580 2440 709 2467 auferri
728 2442 763 2466 et
784 2446 847 2466 sua
867 2446 937 2466 non
958 2439 1068 2466 fuisse
1089 2438 1251 2465 omnibus
1273 2437 1410 2471 populis
1426 2437 1666 2465 demonstrari.
1687 2436 1787 2463 Nunc
1802 2436 1927 2463 fuisset
1940 2435 1994 2462 vir
2008 2435 2067 2462 1110
2084 2442 2165 2462 cen—

454 2488 610 2515 tenarius
633 2487 754 2514 solum.
775 2487 858 2519 quia
878 2486 1004 2513 multos
1026 2485 1220 2513 habuimus
1236 2485 1322 2513 tales
1345 2487 1377 2512 et
1398 2487 1489 2512 esset
1509 2484 1690 2511 tolerabile
1705 2484 1839 2511 malum
1854 2485 1887 2510 et
1906 2489 2051 2516 gemens
2073 2484 2164 2509 tace-

455 2543 536 2562 rem.
558 2534 624 2562 Sed
645 2534 806 2567 nunquid
826 2541 895 2560 non
918 2534 983 2560 iste
1004 2540 1110 2560 verus
1132 2536 1184 2560 est
1205 2533 1309 2565 lupus
1331 2532 1388 2564 qui
1418 2532 1507 2565 rapit
1528 2534 1561 2559 et
1588 2531 1755 2564 dispergit
1776 2538 1868 2559 oves.
1890 2530 2054 2557 scismata
2073 2529 2163 2556 facta

455 2583 572 2610 nutrit.
588 2590 657 2609 non
672 2582 764 2609 facta
785 2589 847 2608 sua
868 2581 1001 2608 malitia
1024 2581 1065 2608 de
1088 2588 1176 2607 novo
1198 2580 1364 2613 producit,
1379 2580 1539 2607 civitates
1560 2579 1676 2606 turbat
1691 2581 1723 2605 et
1744 2578 1876 2611 dividit7
1892 2584 1999 2611 regna
2014 2584 2164 2604 commo—

455 2634 512 2658 vet
533 2636 566 2657 et
587 2637 690 2664 paces
705 2629 859 2662 impedit.
881 2629 1009 2655 clerum
1034 2628 1212 2655 deformat.
1240 2628 1444 2661 religionem
1473 2628 1595 2654 turbat.
1623 2626 1768 2660 populos
1790 2626 1952 2659 captivat,
1979 2625 2162 2652 simoniam

455 2678 631 2711 approbat.
652 2677 837 2704 avaritiam
860 2676 1023 2709 predicat.
1039 2676 1223 2703 lasciviam
1245 2675 1384 2702 exaltat.
1399 2675 1518 2708 gulam
1539 2676 1711 2707 provocat.
1733 2680 1897 2707 pompam
1911 2675 1944 2699 et
1965 2672 2164 2705 superbiam

457 2733 561 2758 super
583 2724 786 2752 cathedram
808 2724 907 2751 locat.
928 2724 1147 2751 iracundiam
1170 2726 1201 2750 01
1224 2724 1374 2750 furorem
1398 2722 1497 2755 quasi
1519 2722 1584 2748 sibi
1598 2721 1794 2755 desponsat,
1809 2720 2086 2748 inisericordiam
2111 2720 2164 2746 fu-

454 2775 520 2806 gat.
541 2773 708 2805 pietatem
729 2771 901 2801 annullat,
923 2771 1127 2798 charitatem
1150 2771 1345 2800 fermentat,
1373 2772 1406 2796 et
1432 2769 1593 2801 nunquid
1620 2769 1748 2796 talibus
1776 2768 1939 2801 operibus
1960 2767 2067 2794 fidem
2094 2774 2162 2793 non

456 2822 603 2846 evacuat
625 2821 657 2846 et
679 2826 777 2852 spem
798 2826 939 2845 omnem
960 2818 1072 2845 divini
1091 2818 1213 2851 judicii
1236 2820 1267 2844 et
1288 2817 1412 2851 premii
1434 2819 1603 2849 quantum
1625 2823 1666 2842 ex
1689 2823 1724 2843 se
1746 2816 1789 2843 ab
1811 2815 1972 2843 omnibus
1998 2813 2164 2841 fidelibus

454 2867 592 2894 videtur
614 2874 752 2899 rapere:
774 2866 948 2899 predictas
970 2868 1001 2892 et
1024 2865 1153 2892 multas
1168 2866 1374 2891 innumeras
1396 2864 1484 2891 alias
1499 2863 1662 2897 malitias,
1678 2864 1804 2896 quibus
1824 2870 1889 2890 nec
1904 2862 2017 2889 Deum
2042 2861 2163 2889 timere

455 2922 519 2942 nec
541 2914 721 2941 hominem
742 2914 894 2940 revereri
916 2913 1062 2946 videtur,
1085 2920 1149 2939 nec
1171 2913 1327 2939 futurum
1346 2912 1517 2945 judicium
1533 2913 1565 2938 et
1592 2914 1752 2939 eternum
1773 2911 1945 2944 premium
1971 2910 2163 2943 expectare.

456 2962 546 2996 Quid
567 2962 660 2989 ultra
689 2962 844 2988 facturus
876 2963 928 2987 est
960 2960 1062 2987 homo
1093 2960 1237 2992 peccati,
1268 2959 1365 2986 filius
1395 2959 1610 2992 perditionis,
1640 2959 1699 2991 qui
1729 2958 1902 2985 exaltatur
1928 2959 1961 2984 et
1988 2956 2165 2984 extollitur

455 3017 561 3043 supra
582 3016 685 3036 omne
706 3009 794 3036 illud
815 3008 907 3041 quod
929 3007 1055 3034 dicitur
1075 3010 1136 3034 aut
1157 3007 1282 3034 colitur
1304 3006 1406 3034 Deus.
1426 3007 1476 3033 ita
1490 3009 1526 3034 ut
1546 3006 1583 3033 iu
1604 3006 1733 3039 templo
1755 3006 1820 3033 Dei
1835 3005 1962 3037 sedeat,
1977 3004 2163 3032 ostendens

454 3063 490 3084 se
512 3061 685 3089 tanquam
706 3057 749 3083 sit
771 3056 958 3083 Dominus:
981 3055 1148 3082 dextruat
1171 3057 1203 3081 et
1224 3055 1317 3081 hunc
1340 3055 1429 3081 sicut
1449 3054 1550 3081 illum
1571 3056 1621 3080 est
1639 3053 1884 3080 dextrueturus
1900 3052 2070 3079 Dominus
2092 3051 2162 3084 spi-

455 3105 523 3131 ritu
545 3105 613 3131 oris
635 3104 690 3131 sui
713 3108 744 3131 et
766 3103 954 3131 interficiat
978 3102 1213 3130 illustratione
1235 3102 1407 3129 adventus
1435 3102 1524 3131 sui...
