2325 3552
611 184 654 218 IL
682 185 720 218 B.
749 184 978 218 GIOVANNI
1006 184 1159 218 DELLA
1185 185 1345 218 VERNA
1370 184 1468 218 ECC.
1811 185 1874 219 149

172 249 261 256 *-

177 310 264 350 tuis,
291 309 336 343 ad
364 309 449 354 quid
478 320 564 353 ergo
590 313 625 343 te
652 309 786 353 affligis
811 312 959 343 tantum
986 309 1023 342 in
1050 309 1190 353 vigiliis
1218 313 1253 343 et
1279 308 1535 343 orationibus?
1564 309 1610 342 Et
1636 307 1755 356 tu[nc]
1775 310 1905 343 beatus

179 369 399 404 Franciscus
426 367 625 414 expoliavit
651 380 690 403 se
716 369 844 403 tunica
870 372 905 402 et
931 369 1172 403 femoralibus
1199 372 1234 403 et
1260 369 1373 403 exivit
1400 369 1444 402 de
1470 369 1710 406 tabernaculo
1735 372 1769 402 et
1796 369 1907 402 intro-

178 429 246 463 ivit
271 440 336 474 per
362 439 528 473 grossam
558 433 593 463 et
619 430 786 463 clausam
822 439 945 473 sepem
973 432 1008 462 et
1035 429 1227 472 ingressus
1255 433 1311 463 est
1337 429 1471 462 silvam
1507 428 1749 462 durissimam
1776 432 1811 462 et
1837 428 1906 473 spi-

179 498 319 530 nosam,
345 499 416 533 que
442 492 522 522 erat
548 488 711 533 Philippi
737 489 871 529 Iacobi‚
898 488 1003 522 iuxta
1029 489 1218 533 propriam
1245 488 1442 522 ecclesiam
1469 487 1602 522 Sancte
1629 488 1745 522 Marie
1764 488 1808 521 de
1823 488 1908 521 Por-

178 548 356 582 tiuncula.
383 548 428 582 Et
455 559 540 581 cum
567 547 648 592 ipsa
674 548 735 592 pia
761 552 891 588 mater,
930 548 1101 582 videlicet
1141 550 1272 582 beatus
1307 546 1570 594 F[ranciscus]‚
1598 551 1695 581 esset
1721 547 1759 580 in
1785 547 1906 581 medio

177 607 270 641 silve
297 618 382 641 cum
409 617 518 641 carne
546 616 719 651 corporea
745 617 766 640 a
793 607 911 651 spinis
938 612 1174 641 concremata
1200 611 1236 640 et
1262 606 1551 651 sanguinolenta
1569 606 1674 640 dixit:
1693 606 1828 640 Melius
1851 610 1906 649 est

177 667 495 707 inextimabiliter,
535 667 630 712 quod
658 667 712 700 sic
739 677 939 711 agnoscam
979 667 1191 711 passionem
1230 667 1370 701 domini
1410 667 1527 700 nostri
1564 666 1641 711 yhu
1682 666 1744 711 xpi
1783 676 1906 711 quam⁷

177 737 244 770 ego
271 727 521 771 obtemperem
548 726 740 760 blanditiis
767 726 981 771 deceptoris.
1009 726 1054 760 Et
1080 727 1151 760 fuit
1178 727 1214 760 in
1241 726 1362 760 medio
1381 726 1474 760 silve
1492 727 1619 760 lumen
1644 726 1851 759 maximum
1871 730 1906 759 et

177 786 214 819 in
242 786 405 820 maximo
423 786 508 830 gelu
529 786 626 819 sicut
644 786 681 819 in
701 786 875 820 Ianuaria
895 786 941 831 (l)
961 787 1068 820 fiores
1096 796 1265 820 rosarum
1293 791 1546 830 apparuerunt
1565 791 1600 819 et
1619 789 1722 819 cetus
1742 785 1907 819 innume-

179 845 307 879 rabilis
333 845 552 890 angelorum
579 845 752 890 apparuit
778 849 856 880 tam
883 845 920 878 in
948 845 1043 879 silva
1069 856 1181 890 quam
1200 846 1237 879 in
1257 845 1423 886 ecclesia,
1442 845 1547 879 iuxta
1565 855 1676 890 quam
1706 849 1785 879 erat
1812 845 1907 879 silva

176 905 352 950 predicta.
380 905 426 939 Et
451 910 541 939 tunc
567 905 691 949 angeli
718 906 804 940 viva
831 916 917 939 voce
944 905 1117 939 dixerunt
1142 906 1249 939 beato
1284 905 1492 939 Francisco:
1527 906 1691 940 Accedas
1730 905 1907 939 velociter

177 965 222 999 ad
249 965 473 999 salvatorem
500 969 536 998 et
562 965 608 999 ad
634 969 794 999 matrem
821 964 900 998 eius
927 968 1068 998 stantes
1096 965 1131 997 in
1161 965 1326 998 ecclesia.
1355 965 1456 998 Tunc
1474 965 1606 999 beatus
1628 965 1848 999 Franciscus
1868 976 1905 998 se

176 1025 318 1058 invenit
343 1025 518 1058 indutum
557 1035 650 1058 novo
688 1025 921 1065 vestimento,
961 1025 1142 1069 quomodo
1181 1035 1266 1058 vero
1294 1023 1330 1058 et
1356 1025 1516 1069 qualiter
1542 1025 1620 1069 ipse
1647 1024 1844 1068 ignoravit„
1871 1030 1906 1058 et

177 1088 265 1118 tunc
284 1084 458 1129 apparuit
476 1084 537 1118 via
557 1088 657 1118 recta
675 1084 782 1129 quasi
801 1084 844 1118 de
863 1084 981 1118 serico
1000 1088 1132 1118 ornata
1151 1085 1198 1129 (2)
1215 1084 1260 1118 ad
1276 1084 1440 1118 eundum
1456 1084 1493 1117 in
1509 1084 1628 1129 ipsam
1649 1082 1855 1124 ecclesiam;
1872 1088 1906 1118 et

177 1144 255 1189 ipse
282 1145 412 1178 beatus
438 1142 689 1190 F[ranciscus]
717 1143 858 1188 accepit
884 1144 1012 1178 statim
1040 1144 1083 1178 de
1110 1144 1250 1178 rosario
1277 1144 1340 1177 illo
1369 1144 1434 1177 XII
1462 1154 1565 1178 rosas
1592 1145 1726 1178 rubeas
1761 1148 1796 1178 et
1830 1143 1904 1177 ΧΠ

175 1204 291 1244 albas,
311 1208 346 1238 et
365 1204 433 1237 ivit
451 1214 515 1248 per
533 1204 633 1237 viam
653 1203 757 1237 illam
776 1204 812 1237 in
834 1204 971 1238 dictam
999 1204 1194 1238 ecclesiam
1212 1208 1340 1238 sancte
1358 1204 1474 1237 Marie
1493 1207 1528 1238 et
1547 1204 1703 1238 accessit
1722 1204 1767 1237 ad
1788 1204 1905 1238 altare

175 1263 297 1308 posuit
322 1264 373 1297 ibi
402 1274 515 1303 rosas,
543 1274 635 1308 quas
663 1264 846 1297 detulerat
873 1267 908 1297 et
934 1263 1027 1297 vidit
1053 1264 1247 1297 dominum
1273 1263 1349 1309 yhu
1377 1275 1466 1308 ypm
1493 1268 1655 1298 stantem
1683 1268 1718 1297 et
1757 1265 1903 1298 beatam

174 1323 359 1366 virginem
385 1322 545 1357 matrem
564 1333 585 1356 a
604 1323 743 1357 dextris
771 1323 850 1357 eius
877 1334 962 1357 cum
990 1333 1128 1366 magna
1155 1323 1395 1356 multitudine
1422 1323 1652 1367 angelorum.
1678 1323 1723 1356 Et
1748 1327 1829 1357 tum
1848 1324 1906 1357 do-

175 1382 300 1416 minus
327 1386 453 1416 noster
478 1382 623 1416 locutus
650 1386 705 1416 est
732 1383 839 1416 beato
865 1381 1093 1429 F[rancisco]
1120 1386 1305 1427 prostrato
1331 1382 1368 1415 in
1403 1385 1504 1416 terra
1543 1386 1627 1416 ante
1666 1386 1904 1427 conspectum

174 1446 254 1476 eius
280 1446 316 1476 et
342 1442 473 1476 matris
500 1442 657 1486 virginis
684 1442 812 1483 Marie;
839 1447 874 1476 et
900 1442 993 1475 dixit
1032 1442 1103 1476 illi:
1144 1442 1350 1483 Francisce,
1391 1442 1538 1487 postula
1576 1442 1671 1487 quod
1711 1442 1768 1476 vis
1807 1442 1906 1476 circa

174 1503 335 1536 salutem
361 1502 530 1545 gentium
557 1496 592 1536 et
619 1502 909 1536 consolationem
936 1502 1148 1536 animarum
1177 1506 1212 1536 et
1238 1502 1283 1536 ad
1315 1502 1493 1536 honorem
1521 1506 1556 1536 et
1583 1502 1829 1536 reverentiam
1856 1503 1906 1536 di-

174 1561 343 1595 vinitatis
369 1561 457 1606 quia
482 1561 592 1595 datus
619 1572 657 1595 es
684 1561 720 1594 in
749 1562 869 1595 lucem
904 1561 1074 1605 gentium
1101 1565 1137 1594 et
1164 1561 1435 1606 reparationem
1463 1561 1616 1595 ecclesie
1643 1562 1841 1602 terrestris,
1868 1566 1904 1595 et

174 1621 252 1666 ipse
290 1621 436 1654 iacebat
474 1620 580 1665 quasi
620 1624 748 1665 raptus
787 1621 825 1653 in
864 1624 1063 1665 conspectu
1103 1620 1323 1654 divinitatis.
1365 1621 1411 1654 Et
1453 1621 1604 1654 tandem
1644 1631 1814 1655 reversus
1857 1621 1903 1654 ad

178 1691 238 1715 cor
269 1680 415 1714 locutus
458 1684 512 1714 est
555 1681 691 1714 dicens:
735 1680 978 1715 Sanctissime
1021 1684 1125 1725 pater
1168 1684 1303 1721 noster,
1330 1681 1497 1725 supplico
1524 1691 1590 1724 ego
1625 1681 1740 1714 miser
1766 1685 1801 1714 et
1827 1692 1904 1726 pec-

175 1745 277 1774 cator
323 1738 507 1785 quatenus
543 1740 708 1784 digneris
743 1741 864 1774 facere
899 1740 995 1774 hanc
1031 1740 1193 1784 gratiam
1229 1740 1393 1774 humano
1427 1741 1565 1784 generi,
1593 1740 1688 1785 quod
1724 1741 1902 1775 concedas

175 1800 323 1833 veniam
362 1804 398 1833 et
436 1799 710 1843 indulgentiam
749 1800 922 1833 omnibus
957 1804 992 1833 et
1027 1799 1187 1843 singulis
1221 1799 1456 1833 venientibus
1491 1800 1536 1833 ad
1564 1800 1686 1833 locum
1714 1800 1840 1841 istum,
1868 1804 1903 1834 et

175 1859 451 1893 introenutibus
490 1859 527 1892 in
568 1859 762 1893 ecclesiam
803 1860 911 1893 istam
957 1860 1125 1893 omnium
1167 1865 1405 1904 peccatorum
1447 1870 1602 1893 suorum
1641 1860 1903 1894 universaliter

175 1923 211 1953 et
237 1919 493 1963 singularibus
532 1919 575 1953 de
614 1919 749 1964 quibus
789 1919 1058 1953 confessionem
1098 1919 1253 1953 fecerint
1291 1919 1474 1953 sacerdoti
1515 1924 1550 1953 et
1589 1920 1808 1953 mandatum
1834 1931 1901 1953 su-

175 1978 370 2024 sceperint,
397 1983 433 2012 et
459 1979 625 2023 supplico
665 1980 770 2013 beate
809 1979 926 2013 Marie
965 1980 1077 2013 matri
1116 1984 1178 2013 tue
1217 1979 1394 2013 advocate
1432 1978 1588 2013 humani
1615 1979 1773 2023 generis,
1805 1990 1904 2024 qua-

175 2043 283 2072 tenus
310 2049 374 2083 pro
401 2038 514 2072 huius
553 2050 612 2073 me
651 2038 804 2072 aiuvare
832 2038 878 2083 (3)
918 2043 954 2072 et
992 2039 1088 2083 apud
1129 2042 1233 2072 tuam
1273 2039 1483 2083 piissimam
1510 2043 1545 2072 et
1571 2040 1903 2073 clementissimam

173 2098 408 2132 maiestatem
434 2102 539 2132 tuam
565 2099 792 2132 intercedere
818 2098 1002 2143 dignetur.
1029 2099 1075 2132 Et
1101 2099 1182 2143 ipsa
1208 2099 1372 2133 celorum
1400 2098 1529 2143 regina
1555 2099 1755 2133 humilima
1769 2104 1804 2133 et
1822 2100 1903 2134 bea-

173 2158 321 2192 tissima
346 2157 526 2192 inclinata
552 2159 723 2203 precibus
750 2158 848 2192 beati
875 2159 1061 2192 Francisci
1088 2159 1217 2192 statim
1236 2159 1332 2203 cepit
1350 2159 1558 2203 supplicare
1576 2158 1652 2193 filio
1671 2170 1738 2193 suo
1765 2160 1901 2193 dicens:

174 2217 378 2259 Altissime„
407 2218 498 2252 deus
523 2218 767 2263 omnipotens,
794 2218 961 2263 supplico
996 2218 1184 2252 divinitati
1211 2223 1273 2252 tue
1300 2223 1335 2252 et
1361 2218 1554 2252 humiliter
1580 2219 1777 2259 intercedo,
1817 2229 1903 2264 qua-

174 2282 283 2311 tenus
310 2277 485 2321 dignetur
511 2278 688 2311 maiestas
714 2282 780 2311 tua
798 2289 836 2312 se
856 2277 1036 2312 inclinare
1062 2279 1233 2323 precibus
1259 2279 1387 2312 fratris
1412 2278 1601 2312 Francisci
1620 2279 1751 2312 famuli
1771 2278 1837 2312 tui.
1855 2279 1902 2313 Et

175 2337 255 2382 ipsa
282 2337 408 2371 divina
434 2337 612 2371 maiestas
639 2337 768 2371 statim
795 2339 919 2371 locuta
945 2342 1001 2372 est
1027 2338 1162 2372 dicens:
1192 2338 1290 2372 Satis
1317 2338 1457 2381 grande
1484 2342 1550 2379 est,
1569 2338 1665 2383 quod
1684 2338 1822 2383 petisti,
1837 2339 1901 2372 sed

174 2396 379 2431 maioribus
405 2397 541 2441 dignus
568 2408 617 2438 eS‚
645 2398 759 2431 frater
785 2398 992 2439 Francisce,
1020 2402 1054 2432 et
1080 2398 1224 2432 maiora
1250 2398 1404 2431 habebis
1423 2401 1458 2432 et
1477 2408 1543 2442 ego
1562 2398 1777 2443 petitionem
1796 2402 1901 2432 tuam

174 2460 210 2490 et
237 2456 442 2491 orationem
468 2461 573 2490 tuam
601 2457 748 2499 amicto,
776 2457 951 2492 decernas
978 2462 1103 2492 tamen
1132 2458 1230 2491 diem
1256 2458 1293 2491 in
1321 2468 1432 2502 quem
1458 2457 1539 2492 fieri
1570 2459 1711 2492 debeat.
1751 2458 1797 2492 Et
1823 2459 1901 2503 ipse

171 2517 304 2550 beatus
330 2514 584 2562 F[ranciscus]
611 2517 739 2550 statim
767 2517 913 2551 locutus
941 2521 995 2551 est
1022 2518 1158 2550 dicens:
1187 2517 1428 2551 Sanctissime
1455 2521 1560 2562 pater
1586 2522 1720 2558 noster,
1748 2518 1903 2552 ordina—

175 2712 271 2746 della
301 2712 508 2745 Penitenza.
536 2713 615 2746 Non
644 2713 864 2747 occorrendo
892 2713 964 2746 mai
995 2713 1088 2746 nelle
1116 2714 1188 2747 vite
1216 2713 1248 2746 di
1279 2713 1313 2747 S.
1355 2714 1557 2747 Francesco
1597 2714 1621 2746 il
1661 2725 1768 2759 nome
1808 2714 1900 2748 delle

175 2771 329 2810 Quattro
356 2771 525 2815 Cappelle.
552 2773 704 2805 sarebbe
732 2773 826 2806 forse
853 2777 981 2817 questo
1012 2784 1057 2805 un
1086 2773 1265 2806 tentativo
1293 2773 1328 2805 di
1350 2773 1578 2806 riallac-mare
1604 2773 1641 2806 la
1668 2774 1846 2807 memoria
1864 2774 1900 2806 di

175 2830 208 2864 S.
232 2831 434 2864 Francesco
461 2841 527 2863 con
556 2831 591 2863 la
617 2831 743 2865 chiesa
768 2832 825 2865 dei
854 2832 954 2865 Frati
981 2832 1077 2865 della
1095 2832 1295 2866 Penitenza
1321 2832 1356 2865 di
1384 2832 1472 2866 Todi
1492 2844 1509 2866 εΔ
1530 2833 1679 2866 fornirci
1701 2844 1746 2865 un
1768 2833 1900 2866 indizio

175 2890 259 2923 sull'
274 2889 417 2933 origine
444 2890 502 2923 del
530 2894 701 2923 racconto
728 2890 762 2923 di
789 2891 947 2924 Michele
974 2890 1174 2924 BernardiZ

255 2948 301 2992 (l)
328 2948 398 2982 Sic.

254 3008 300 3052 (2)
329 3008 356 3041 Il
385 3008 517 3041 Dodice
545 3015 730 3041 ornatum.

255 3066 301 3112 (3)
329 3067 397 3100 ste.
