2325 3552
460 211 537 245 314
1010 211 1055 245 P.
1090 209 1356 247 GIOVANNI
1385 210 1733 247 GIACCHERINI

451 367 615 415 ‘Questo
645 368 832 416 prezioso
861 369 1116 405 documento
1145 369 1199 404 mi
1230 369 1271 404 fu
1300 368 1397 405 dato
1427 369 1706 405 rintracciarlo
1735 369 2034 405 nell'Archivio
2065 368 2172 404 delle

456 432 525 470 SS.
558 433 727 470 Stimate
756 433 807 469 ed
838 431 859 469 e
882 434 1018 481 quella
1039 440 1164 470 stessa
1186 434 1358 470 Patente
1380 446 1403 470 0
1432 449 1447 466 «
1467 433 1736 470 Obbedienza
1752 449 1768 467 »
1797 434 1862 470 cui
1884 434 1916 470 si
1935 433 2172 470 riferiscono

457 498 484 534 il
515 498 561 535 P.
596 497 700 534 Gio:
734 497 906 534 Battista
935 498 987 534 da
1017 498 1250 545 Cutigliano
1282 510 1304 534 e
1333 499 1360 534 il
1391 498 1437 535 P.
1471 498 1699 534 Francesco
1730 498 1783 535 da
1814 498 2055 543 Menabbio,
2078 510 2173 534 con-

457 569 623 611 segnata
652 563 719 599 dal
750 561 951 599 Generale
982 563 1028 600 P.
1061 563 1314 599 Bernardino
1346 564 1398 599 da
1418 563 1524 599 Sena
1544 564 1581 599 al
1602 563 1735 611 primo
1755 562 1995 600 Guardiano
2016 563 2084 599 dei
2105 562 2173 598 Ri-

456 627 616 664 formati
646 627 692 663 P.
725 627 975 663 Alessandro
1004 628 1057 664 da
1086 628 1215 675 Barga
1243 628 1432 664 nell'atto
1464 628 1685 664 d'inviarlo
1706 629 1786 664 alla
1804 628 1957 673 Verna,
1981 640 2059 665 con
2078 629 2174 664 data

457 694 499 730 di
529 693 696 729 Firenze
727 692 753 728 il
791 692 836 728 18
866 694 1089 729 novembre
1124 692 1237 741 1625.
1272 693 1307 729 Il
1329 693 1593 739 documento,
1619 693 1958 730 indubbiamente
1979 694 2173 741 originale

461 759 513 794 ed
542 757 766 800 autentico,
797 763 961 793 recante
992 758 1029 794 13
1059 758 1172 794 firma
1202 758 1269 794 del
1297 756 1500 794 Generale
1531 758 1583 794 ed
1613 758 1639 793 11
1669 758 1799 805 sigillo
1821 757 2094 795 dell'Ordine,
2118 758 2173 795 of=

457 823 514 859 fre
542 828 647 858 tutta
677 823 715 858 13
745 823 834 858 11166
865 823 925 858 5111
955 829 1085 871 punto
1115 823 1348 859 desiderato
1380 835 1401 859 e
1438 823 1564 859 rivela
1601 823 1691 858 altri
1730 823 1903 871 preziosi
1941 824 2173 872 particolari

457 888 803 924 sull’andamento
836 886 942 922 delle
963 885 1166 921 trattative
1187 885 1253 921 nel
1276 884 1466 933 Capitolo
1488 883 1771 932 d⁷Ognissanti
1792 897 1815 921 a
1834 886 2046 934 proposito
2068 886 2174 922 della

456 953 607 989 Verna.
642 952 829 988 Essendo
860 952 901 987 in
930 951 1016 999 pari
1046 956 1184 998 tempo
1216 950 1241 985 il
1272 947 1344 998 piu
1373 950 1510 986 antico
1541 950 1791 986 documento
1822 951 1897 987 che
1925 951 2103 998 riguardi
2133 952 2171 987 13

456 1018 594 1054 Verna
622 1023 729 1053 sotto
760 1017 786 1052 il
816 1028 954 1053 nuovo
984 1016 1136 1063 regime
1167 1016 1233 1051 dei
1265 1015 1495 1060 Riformati,
1528 1027 1613 1051 non
1642 1016 1696 1051 ho
1724 1016 1885 1052 tardato
1915 1017 1968 1052 ad
1988 1016 2172 1053 inserirlo

457 1083 527 1131 qui
556 1094 628 1131 per
647 1082 792 1126 intero,
817 1087 973 1118 mentre
993 1093 1045 1117 ne
1066 1081 1250 1117 offriamo
1273 1081 1353 1116 3113
1374 1086 1453 1116 tav.
1478 1080 1518 1116 X
1539 1078 1746 1117 un'esatta
1765 1081 2068 1129 riproduzione.
2099 1081 2173 1117 Ec-

457 1160 559 1184 cone
575 1148 733 1183 intanto
750 1159 830 1183 una
846 1147 967 1183 breve
988 1146 1253 1183 descrizione.
1279 1168 1329 1172 -—
1351 1145 1384 1182 Il
1408 1146 1656 1182 documento
1677 1152 1970 1194 appartenente
1985 1147 2065 1183 3113
2086 1147 2174 1183 filza

456 1213 515 1248 IV
545 1225 656 1249 num.
694 1223 735 1248 11
771 1212 879 1248 dello
911 1218 1037 1248 stesso
1070 1211 1264 1248 Archivio
1296 1209 1317 1248 e
1347 1217 1548 1257 cartaceo,
1582 1211 1623 1246 in
1652 1211 1733 1247 due
1763 1210 1859 1259 fogli
1888 1212 2073 1248 aderenti
2110 1217 2169 1248 tra

457 1278 544 1314 loro
565 1290 635 1325 per
653 1278 689 1313 la
710 1289 800 1313 cera
821 1277 1045 1325 interposta
1067 1277 1134 1312 del
1151 1276 1298 1324 sigillo,
1319 1288 1340 1312 e
1356 1276 1562 1312 misurano
1584 1276 1776 1312 6135611110
1796 1276 1895 1313 mill.
1923 1275 1998 1313 268
2018 1276 2063 1320 ><
2081 1287 2171 1325 205.

459 1343 491 1378 11
524 1348 630 1379 16510
661 1343 770 1378 (16113
802 1342 990 1386 Ρ3161116,
1024 1342 1066 1378 (11
1096 1342 1282 1378 5611111113
1313 1342 1469 1378 corsiva
1498 1342 1565 1377 del
1596 1347 1750 1390 tempo,
1784 1341 1815 1378 si
1854 1342 1968 1390 legge
2006 1343 2067 1379 sul
2106 1343 2174 1379 da-

456 1408 565 1444 vanti
596 1408 662 1444 del
691 1408 822 1456 primo
854 1407 994 1455 foglio,
1028 1413 1182 1443 mentre
1213 1419 1235 1443 a
1265 1413 1377 1454 tergo
1408 1407 1474 1443 del
1505 1407 1685 1443 secondo
1716 1407 1856 1454 foglio,
1889 1408 1956 1443 nel
1983 1407 2174 1456 riquadro

456 1473 497 1508 di
528 1484 666 1508 mezzo
696 1473 868 1508 formato
900 1473 1008 1508 dalla
1038 1472 1263 1520 piegatura,
1297 1472 1329 1508 si
1359 1472 1494 1519 legge:
1528 1470 1617 1506 Pro
1640 1469 1888 1508 Guardmno
1913 1471 2073 1508 Montis
2094 1471 2174 1508 Al-

459 1549 638 1583 vernae;
672 1550 754 1573 una
783 1550 905 1574 mano
935 1535 1005 1586 piu
1034 1543 1199 1574 recente
1227 1537 1280 1573 ha
1311 1537 1491 1585 supplito
1522 1549 1641 1585 sopra
1671 1537 1709 1573 13
1738 1538 1879 1585 parola
1909 1535 2170 1574 Guardiano:

456 1604 610 1652 primo.
645 1603 694 1638 In
724 1615 779 1638 un
808 1603 911 1639 altro
941 1603 1135 1651 riquadro
1165 1600 1236 1650 piu
1266 1603 1307 1638 in
1334 1603 1455 1639 basso
1486 1614 1509 1638 a
1539 1603 1688 1647 destra,
1722 1603 1748 1638 il
1779 1603 2028 1639 documento
2055 1603 2173 1640 viene

455 1666 539 1705 cosi
569 1669 772 1705 indicato:
803 1667 856 1705 D.
881 1666 1061 1704 Patente
1082 1666 1156 1703 del
1170 1668 1309 1717 primo
1338 1667 1583 1704 Guardc‘ano
1614 1667 1730 1704 della
1762 1669 1895 1705 Vertza
1915 1669 2037 1704 eletto
2058 1667 2174 1704 dalla

454 1733 662 1783 Riforma
695 1732 774 1769 dal
804 1732 1173 1769 Reverendissz'mo
1204 1730 1481 1768 Berreardino
1512 1732 1560 1768 de
1591 1731 1714 1769 Senis
1745 1732 1965 1770 Generale.
2007 1732 2063 1770 AV.
2104 1731 2170 1770 26.

535 1799 644 1835 Ecco
675 1811 745 1835 ora
775 1799 802 1834 il
833 1804 938 1835 testo
969 1799 1051 1834 ben
1081 1804 1320 1834 conservato
1354 1798 1421 1834 del
1450 1799 1715 1834 documento.

561 1929 574 1943 ἐκ,
588 1916 645 1946 Fr.
675 1915 902 1946 Bernardinus
930 1915 970 1945 de
996 1916 1093 1946 Senis
1120 1915 1223 1945 totius
1252 1915 1390 1946 Ordinis
1416 1915 1573 1945 Fratrum
1601 1915 1773 1946 Minorum
1810 1915 1967 1945 Minister
2001 1915 2171 1947 Generalis

457 1981 489 2006 et
507 1974 641 2005 Servus.
664 1975 799 2005 Dilecto
817 1974 916 2005 nobis
934 1975 968 2004 in
983 1963 1072 2015 {pto
1080 1975 1173 2005 Patri
1187 1974 1281 2004 fratri
1299 1974 1496 2004 Alexandro
1514 1974 1555 2004 de
1574 1975 1683 2014 Barga
1700 1975 1852 2005 eiusdem
1871 1975 2010 2006 Ordinis
2028 1980 2061 2006 et
2077 1976 2170 2006 insti-

456 2035 534 2071 tuti,
563 2038 697 2064 nostrae
723 2044 802 2063 vero
828 2033 1099 2064 Reformationis
1128 2033 1327 2064 Provinciae
1355 2033 1498 2063 Tusciae
1524 2033 1711 2071 Sacerdoti,
1741 2033 1968 2071 Confessario,
1998 2035 2173 2065 Praedica-

457 2094 522 2124 tori
548 2099 580 2124 et
606 2093 800 2124 Guardiano
828 2093 983 2123 salutern.

553 2153 637 2184 Cum
668 2153 761 2183 iuxta
794 2152 1005 2183 Sanctissimi
1039 2153 1085 2184 D.
1122 2153 1169 2183 N.
1208 2153 1339 2184 Urbani
1373 2153 1467 2183 VIII
1501 2152 1671 2183 decretum
1706 2153 1902 2184 Novitiatus
1935 2153 2022 2183 inter
2058 2153 2172 2184 fratres

456 2213 690 2249 Reformatos,
719 2212 772 2242 vel
798 2212 829 2242 in
859 2212 1123 2243 Observantium
1153 2211 1397 2249 Convenfibus,
1428 2223 1446 2242 a
1472 2212 1682 2242 Reformatis
1718 2217 1829 2243 tamen
1847 2212 2077 2243 inhabitandis
2103 2212 2173 2243 fieri

457 2272 600 2302 debeant
625 2272 667 2302 ad
694 2277 843 2302 exactam
870 2272 1088 2302 Novitiorum
1115 2272 1350 2302 educationem
1378 2277 1411 2302 et
1436 2271 1470 2302 in
1497 2272 1598 2312 pleno
1624 2272 1822 2302 Diffinitorii
1839 2272 1886 2313 (1)
1907 2273 2092 2313 praesentis
2110 2271 2171 2303 Ca—

455 2331 555 2372 pituli
572 2332 777 2361 unanimiter
796 2331 896 2361 fuerit
914 2331 1112 2361 conclusum
1130 2341 1192 2371 pro
1210 2330 1293 2361 1060
1304 2331 1502 2361 Novitiatus
1520 2331 1689 2371 designari
1706 2341 1744 2361 ae
1763 2331 1976 2362 determinari
2002 2331 2170 2369 debuisse,

456 2391 542 2421 sicut
569 2391 762 2431 designatus
794 2401 830 2421 ac
849 2391 1092 2421 determinatus
1112 2391 1189 2428 fuit,
1213 2390 1425 2421 sacrosancti
1445 2391 1574 2421 Montis
1593 2391 1763 2421 Alvernae
1781 2390 2009 2427 Conventum,
2029 2401 2173 2431 cumque

457 2455 493 2480 tu
520 2450 672 2480 eiusdem
700 2450 894 2481 Conventus
923 2450 1136 2480 Guardianus
1163 2449 1289 2480 electus
1316 2450 1480 2487 extiteris,
1510 2455 1546 2480 ut
1574 2450 1676 2490 igitur
1701 2455 1734 2480 et
1760 2449 1953 2480 Sanctitatis
1975 2450 2061 2480 Suae
2079 2460 2171 2490 prae-

456 2515 553 2550 cepta
579 2514 611 2539 et
637 2514 770 2539 nostrae
797 2510 1037 2550 dispositiones
1057 2509 1253 2550 exequtioni
1270 2507 1320 2552 (2)
1349 2508 1595 2551 [mandentur],
1633 2509 1751 2540 harum
1787 2510 1872 2540 serie
1905 2509 2077 2540 literarum
2112 2509 2172 2539 tibi

457 2568 633 2598 strictioris
660 2569 891 2599 observantiae
909 2568 981 2598 zelo
1000 2568 1271 2609 exemplarisque
1288 2568 1377 2598 vitae
1395 2568 1588 2609 integritate
1603 2568 1786 2609 conpiscuo
1804 2568 1847 2598 ad
1865 2568 2022 2598 meritum
2041 2573 2174 2598 sanctae

457 2626 671 2657 obedientiae
697 2627 916 2667 iniungimus,
947 2634 1114 2668 quatenus
1142 2638 1243 2668 quam
1270 2628 1419 2668 primum
1447 2628 1657 2668 praedictum
1684 2628 1814 2658 Montis
1841 2627 2009 2658 Alvernae
2043 2626 2175 2658 Coeno-

455 2686 549 2716 bium
576 2685 668 2716 adire
693 2686 776 2716 velis
803 2696 840 2716 ac
867 2686 1003 2723 debeas,
1032 2697 1072 2717 eo
1099 2686 1269 2726 religionis
1297 2691 1329 2717 et
1347 2687 1483 2727 pietatis
1502 2687 1682 2728 splendore
1701 2687 1749 2717 tui
1768 2687 2016 2718 Guardianatus
2035 2696 2172 2717 munere

456 2745 644 2781 functurus,
672 2745 798 2785 illoque
826 2746 985 2785 prudenti
1011 2745 1175 2785 gubernio
1203 2746 1357 2777 subditos
1385 2746 1502 2776 fratres
1522 2756 1561 2776 ex
1587 2746 1825 2777 reformatione
1851 2751 2045 2787 assumptos
2064 2752 2169 2777 rectu-

552 2968 604 3013 (Ι)
631 2969 710 3000 Cosi
735 2969 937 3010 l’originale.
966 2971 1074 3001 Forse
1100 2971 1181 3011 pero
1208 2970 1291 3001 deve
1317 2970 1458 3011 leggersi
1484 2971 1744 3011 Daffinz‘torioo
1768 2971 1929 3012 supplirsi
1954 2981 2021 3001 una
2039 2970 2165 3013 parola.

551 3028 602 3073 (2)
632 3029 711 3060 Cosi
736 3029 938 3070 1’0riginale,
968 3030 998 3060 al
1024 3030 1123 3071 quale
1149 3030 1420 3071 probabilmente
1446 3031 1529 3062 deve
1555 3030 1661 3062 anche
1679 3031 1840 3073 supplirsi
1857 3031 1890 3061 la
1907 3031 2023 3072 parola
2039 3032 2100 3062 che
2118 3042 2167 3063 se-

456 3101 531 3132 gue,
560 3094 658 3131 posta
683 3088 726 3118 da
751 3088 807 3119 noi
834 3093 884 3118 tra
909 3089 1087 3129 parentesi.
