<?xml version="1.0" encoding="UTF-8"?>
<!DOCTYPE html PUBLIC "-//W3C//DTD XHTML 1.0 Transitional//EN"
    "http://www.w3.org/TR/xhtml1/DTD/xhtml1-transitional.dtd">
<html xmlns="http://www.w3.org/1999/xhtml" xml:lang="en" lang="en">
 <head>
  <title>
</title>
<meta http-equiv="Content-Type" content="text/html;charset=utf-8" />
  <meta name='ocr-system' content='tesseract 3.04.00' />
  <meta name='ocr-capabilities' content='ocr_page ocr_carea ocr_par ocr_line ocrx_word'/>
</head>
<body>
  <div class='ocr_page' id='page_1' title='image "./lavernacontribut00menc_0324.png"; bbox 0 0 2325 3552; ppageno 0'>
   <div class='ocr_carea' id='block_1_1' title="bbox 447 173 1716 210">
    <p class='ocr_par' dir='ltr' id='par_1_1' title="bbox 447 173 1716 210">
     <span class='ocr_line' id='line_1_1' title="bbox 447 173 1716 210; baseline 0 -1"><span class='ocrx_word' id='word_1_1' title='bbox 447 175 522 209; x_wconf 81' lang='lat'>290</span> <span class='ocrx_word' id='word_1_2' title='bbox 882 175 925 209; x_wconf 91' lang='lat' dir='ltr'>P.</span> <span class='ocrx_word' id='word_1_3' title='bbox 957 173 1235 210; x_wconf 75' lang='lat' dir='ltr'><strong>ZEFFIRINO</strong></span> <span class='ocrx_word' id='word_1_4' title='bbox 1265 174 1489 209; x_wconf 79' lang='lat' dir='ltr'><strong>LAZZERI</strong></span> <span class='ocrx_word' id='word_1_5' title='bbox 1519 173 1563 209; x_wconf 92' lang='grc' dir='ltr'>Ο.</span> <span class='ocrx_word' id='word_1_6' title='bbox 1591 176 1635 209; x_wconf 79' lang='lat' dir='ltr'>F.</span> <span class='ocrx_word' id='word_1_7' title='bbox 1667 175 1716 209; x_wconf 80' lang='lat' dir='ltr'>M.</span> 
     </span>
    </p>
   </div>
   <div class='ocr_carea' id='block_1_2' title="bbox 464 249 2155 252">
    <p class='ocr_par' dir='ltr' id='par_1_2' title="bbox 464 249 2155 252">
     <span class='ocr_line' id='line_1_2' title="bbox 464 249 2155 252; baseline 0 0"><span class='ocrx_word' id='word_1_8' title='bbox 464 249 2155 252; x_wconf 95' lang='lat' dir='ltr'> </span> 
     </span>
    </p>
   </div>
   <div class='ocr_carea' id='block_1_3' title="bbox 384 333 2160 2926">
    <p class='ocr_par' dir='ltr' id='par_1_3' title="bbox 439 333 2155 511">
     <span class='ocr_line' id='line_1_3' title="bbox 441 333 2154 381; baseline 0.001 -12"><span class='ocrx_word' id='word_1_9' title='bbox 441 333 602 369; x_wconf 83' lang='lat' dir='ltr'>intorno</span> <span class='ocrx_word' id='word_1_10' title='bbox 633 333 670 369; x_wconf 92' lang='lat' dir='ltr'>al</span> <span class='ocrx_word' id='word_1_11' title='bbox 702 333 918 369; x_wconf 83' lang='lat' dir='ltr'>Marzocco</span> <span class='ocrx_word' id='word_1_12' title='bbox 948 333 1256 380; x_wconf 81' lang='lat' dir='ltr'>repubblicano‚</span> <span class='ocrx_word' id='word_1_13' title='bbox 1290 345 1361 381; x_wconf 90' lang='lat' dir='ltr'>per</span> <span class='ocrx_word' id='word_1_14' title='bbox 1390 333 1472 369; x_wconf 73' lang='lat' dir='ltr'>fare</span> <span class='ocrx_word' id='word_1_15' title='bbox 1503 334 1714 370; x_wconf 80' lang='lat' dir='ltr'>intendere</span> <span class='ocrx_word' id='word_1_16' title='bbox 1744 346 1767 370; x_wconf 91' lang='lat' dir='ltr'>a</span> <span class='ocrx_word' id='word_1_17' title='bbox 1797 335 1889 370; x_wconf 88' lang='lat' dir='ltr'>tutti</span> <span class='ocrx_word' id='word_1_18' title='bbox 1919 335 1956 371; x_wconf 99' lang='grc'>16</span> <span class='ocrx_word' id='word_1_19' title='bbox 1986 347 2056 371; x_wconf 88' lang='grc'>536</span> <span class='ocrx_word' id='word_1_20' title='bbox 2096 336 2154 371; x_wconf 86' lang='grc'>111-</span> 
     </span>
     <span class='ocr_line' id='line_1_4' title="bbox 441 397 2155 445; baseline 0.001 -11"><span class='ocrx_word' id='word_1_21' title='bbox 441 398 632 443; x_wconf 85' lang='grc' dir='ltr'>1611Ζ10111,</span> <span class='ocrx_word' id='word_1_22' title='bbox 667 409 688 433; x_wconf 90' lang='grc'>6</span> <span class='ocrx_word' id='word_1_23' title='bbox 716 409 786 445; x_wconf 88' lang='lat' dir='ltr'>per</span> <span class='ocrx_word' id='word_1_24' title='bbox 815 398 877 433; x_wconf 91' lang='lat' dir='ltr'>dir</span> <span class='ocrx_word' id='word_1_25' title='bbox 906 397 1021 441; x_wconf 84' lang='lat' dir='ltr'>forte,</span> <span class='ocrx_word' id='word_1_26' title='bbox 1055 397 1130 433; x_wconf 90' lang='lat' dir='ltr'>che</span> <span class='ocrx_word' id='word_1_27' title='bbox 1160 397 1225 433; x_wconf 90' lang='lat' dir='ltr'>chi</span> <span class='ocrx_word' id='word_1_28' title='bbox 1255 409 1393 434; x_wconf 88' lang='lat' dir='ltr'>avesse</span> <span class='ocrx_word' id='word_1_29' title='bbox 1423 404 1583 434; x_wconf 88' lang='lat' dir='ltr'>toccato</span> <span class='ocrx_word' id='word_1_30' title='bbox 1616 399 1653 434; x_wconf 89' lang='lat' dir='ltr'>la</span> <span class='ocrx_word' id='word_1_31' title='bbox 1682 398 1817 434; x_wconf 89' lang='lat' dir='ltr'>Verna</span> <span class='ocrx_word' id='word_1_32' title='bbox 1847 399 1898 434; x_wconf 91' lang='lat' dir='ltr'>ei</span> <span class='ocrx_word' id='word_1_33' title='bbox 1920 399 2008 435; x_wconf 90' lang='lat' dir='ltr'>suoi</span> <span class='ocrx_word' id='word_1_34' title='bbox 2029 400 2155 444; x_wconf 72' lang='lat' dir='ltr'>Frati,</span> 
     </span>
     <span class='ocr_line' id='line_1_5' title="bbox 439 461 1976 511; baseline 0.001 -13"><span class='ocrx_word' id='word_1_35' title='bbox 439 463 613 498; x_wconf 85' lang='lat' dir='ltr'>avrebbe</span> <span class='ocrx_word' id='word_1_36' title='bbox 640 463 808 498; x_wconf 79' lang='lat' dir='ltr'>insieme</span> <span class='ocrx_word' id='word_1_37' title='bbox 839 468 998 498; x_wconf 87' lang='grc'>1066310</span> <span class='ocrx_word' id='word_1_38' title='bbox 1028 462 1055 497; x_wconf 92' lang='grc'>11</span> <span class='ocrx_word' id='word_1_39' title='bbox 1086 461 1198 510; x_wconf 88' lang='lat' dir='ltr'>Papa</span> <span class='ocrx_word' id='word_1_40' title='bbox 1228 473 1248 498; x_wconf 91' lang='lat' dir='ltr'>e</span> <span class='ocrx_word' id='word_1_41' title='bbox 1278 462 1445 499; x_wconf 88' lang='lat' dir='ltr'>Firenze</span> <span class='ocrx_word' id='word_1_42' title='bbox 1477 462 1585 511; x_wconf 86' lang='lat' dir='ltr'>(vedi</span> <span class='ocrx_word' id='word_1_43' title='bbox 1616 469 1695 499; x_wconf 87' lang='lat' dir='ltr'>tav.</span> <span class='ocrx_word' id='word_1_44' title='bbox 1729 463 1791 499; x_wconf 80' lang='lat' dir='ltr'>IX</span> <span class='ocrx_word' id='word_1_45' title='bbox 1822 464 1886 511; x_wconf 84' lang='lat' dir='ltr'>fig.</span> <span class='ocrx_word' id='word_1_46' title='bbox 1926 471 1976 506; x_wconf 81' lang='lat'>1).</span> 
     </span>
    </p>

    <p class='ocr_par' dir='ltr' id='par_1_4' title="bbox 437 524 2158 906">
     <span class='ocr_line' id='line_1_6' title="bbox 520 524 2155 575; baseline 0.002 -13"><span class='ocrx_word' id='word_1_47' title='bbox 520 527 551 563; x_wconf 84' lang='lat' dir='ltr'>E</span> <span class='ocrx_word' id='word_1_48' title='bbox 582 527 713 563; x_wconf 86' lang='lat' dir='ltr'>infatti</span> <span class='ocrx_word' id='word_1_49' title='bbox 743 539 919 563; x_wconf 89' lang='lat' dir='ltr'>nessuno</span> <span class='ocrx_word' id='word_1_50' title='bbox 950 527 1054 562; x_wconf 82' lang='lat' dir='ltr'>ebbe</span> <span class='ocrx_word' id='word_1_51' title='bbox 1085 524 1250 563; x_wconf 88' lang='lat' dir='ltr'>l⁷ardire</span> <span class='ocrx_word' id='word_1_52' title='bbox 1279 527 1320 563; x_wconf 91' lang='lat' dir='ltr'>di</span> <span class='ocrx_word' id='word_1_53' title='bbox 1349 528 1570 564; x_wconf 89' lang='lat' dir='ltr'>molestarli</span> <span class='ocrx_word' id='word_1_54' title='bbox 1601 525 1671 575; x_wconf 77' lang='lat' dir='ltr'>piu</span> <span class='ocrx_word' id='word_1_55' title='bbox 1692 529 1841 573; x_wconf 89' lang='lat' dir='ltr'>avanti,</span> <span class='ocrx_word' id='word_1_56' title='bbox 1869 529 1945 565; x_wconf 92' lang='lat' dir='ltr'>che</span> <span class='ocrx_word' id='word_1_57' title='bbox 1965 530 2054 565; x_wconf 83' lang='lat' dir='ltr'>anzi</span> <span class='ocrx_word' id='word_1_58' title='bbox 2075 530 2155 566; x_wconf 84' lang='lat' dir='ltr'>ben</span> 
     </span>
     <span class='ocr_line' id='line_1_7' title="bbox 442 592 2155 641; baseline 0.002 -13"><span class='ocrx_word' id='word_1_59' title='bbox 442 599 577 640; x_wconf 89' lang='lat' dir='ltr'>presto</span> <span class='ocrx_word' id='word_1_60' title='bbox 610 593 645 628; x_wconf 91' lang='lat' dir='ltr'>le</span> <span class='ocrx_word' id='word_1_61' title='bbox 676 604 770 628; x_wconf 90' lang='lat' dir='ltr'>cose</span> <span class='ocrx_word' id='word_1_62' title='bbox 801 592 1079 636; x_wconf 88' lang='lat' dir='ltr'>cambiarono,</span> <span class='ocrx_word' id='word_1_63' title='bbox 1113 604 1134 628; x_wconf 92' lang='lat' dir='ltr'>e</span> <span class='ocrx_word' id='word_1_64' title='bbox 1166 593 1302 641; x_wconf 85' lang='lat' dir='ltr'>quella</span> <span class='ocrx_word' id='word_1_65' title='bbox 1332 593 1407 629; x_wconf 91' lang='lat' dir='ltr'>che</span> <span class='ocrx_word' id='word_1_66' title='bbox 1436 605 1502 629; x_wconf 89' lang='lat' dir='ltr'>era</span> <span class='ocrx_word' id='word_1_67' title='bbox 1532 599 1635 629; x_wconf 87' lang='lat' dir='ltr'>stata</span> <span class='ocrx_word' id='word_1_68' title='bbox 1663 594 1903 640; x_wconf 78' lang='lat' dir='ltr'>avversione</span> <span class='ocrx_word' id='word_1_69' title='bbox 1934 595 1966 631; x_wconf 93' lang='lat' dir='ltr'>si</span> <span class='ocrx_word' id='word_1_70' title='bbox 1994 593 2155 631; x_wconf 76' lang='lat' dir='ltr'>cambio</span> 
     </span>
     <span class='ocr_line' id='line_1_8' title="bbox 439 646 2158 706; baseline 0.002 -13"><span class='ocrx_word' id='word_1_71' title='bbox 439 658 480 693; x_wconf 92' lang='lat' dir='ltr'>in</span> <span class='ocrx_word' id='word_1_72' title='bbox 509 658 717 693; x_wconf 85' lang='lat' dir='ltr'>riverenza</span> <span class='ocrx_word' id='word_1_73' title='bbox 748 669 768 693; x_wconf 91' lang='lat' dir='ltr'>e</span> <span class='ocrx_word' id='word_1_74' title='bbox 800 669 952 694; x_wconf 90' lang='lat' dir='ltr'>amore.</span> <span class='ocrx_word' id='word_1_75' title='bbox 988 655 1140 693; x_wconf 86' lang='lat' dir='ltr'>L&#39;Arte</span> <span class='ocrx_word' id='word_1_76' title='bbox 1170 657 1278 693; x_wconf 89' lang='lat' dir='ltr'>della</span> <span class='ocrx_word' id='word_1_77' title='bbox 1307 657 1419 694; x_wconf 91' lang='lat' dir='ltr'>Lana</span> <span class='ocrx_word' id='word_1_78' title='bbox 1448 658 1517 706; x_wconf 91' lang='lat' dir='ltr'>poi</span> <span class='ocrx_word' id='word_1_79' title='bbox 1548 659 1600 694; x_wconf 92' lang='lat' dir='ltr'>da</span> <span class='ocrx_word' id='word_1_80' title='bbox 1630 646 1743 706; x_wconf 78' lang='lat' dir='ltr'>parte</span> <span class='ocrx_word' id='word_1_81' title='bbox 1764 671 1836 695; x_wconf 91' lang='lat' dir='ltr'>sua</span> <span class='ocrx_word' id='word_1_82' title='bbox 1856 671 2000 696; x_wconf 88' lang='lat' dir='ltr'>creava</span> <span class='ocrx_word' id='word_1_83' title='bbox 2020 661 2158 696; x_wconf 89' lang='lat' dir='ltr'>subito</span> 
     </span>
     <span class='ocr_line' id='line_1_9' title="bbox 439 722 2156 773; baseline 0.002 -15"><span class='ocrx_word' id='word_1_84' title='bbox 439 735 493 758; x_wconf 91' lang='lat' dir='ltr'>un</span> <span class='ocrx_word' id='word_1_85' title='bbox 523 723 655 759; x_wconf 87' lang='lat' dir='ltr'>ufficio</span> <span class='ocrx_word' id='word_1_86' title='bbox 685 722 873 771; x_wconf 88' lang='lat' dir='ltr'>apposito</span> <span class='ocrx_word' id='word_1_87' title='bbox 904 722 979 758; x_wconf 91' lang='lat' dir='ltr'>che</span> <span class='ocrx_word' id='word_1_88' title='bbox 1009 722 1220 759; x_wconf 87' lang='lat' dir='ltr'>chiamava</span> <span class='ocrx_word' id='word_1_89' title='bbox 1251 723 1317 759; x_wconf 91' lang='lat' dir='ltr'>dei</span> <span class='ocrx_word' id='word_1_90' title='bbox 1350 722 1638 759; x_wconf 60' lang='lat' dir='ltr'>Conservatori</span> <span class='ocrx_word' id='word_1_91' title='bbox 1664 724 1768 760; x_wconf 81' lang='lat' dir='ltr'><em>della</em></span> <span class='ocrx_word' id='word_1_92' title='bbox 1808 725 1951 770; x_wconf 75' lang='lat' dir='ltr'>Verna,</span> <span class='ocrx_word' id='word_1_93' title='bbox 1995 725 2006 760; x_wconf 89' lang='lat' dir='ltr'>i</span> <span class='ocrx_word' id='word_1_94' title='bbox 2044 726 2156 773; x_wconf 84' lang='lat' dir='ltr'>quali</span> 
     </span>
     <span class='ocr_line' id='line_1_10' title="bbox 438 788 2156 837; baseline 0.002 -14"><span class='ocrx_word' id='word_1_95' title='bbox 438 794 658 824; x_wconf 82' lang='lat' dir='ltr'>enti-avano</span> <span class='ocrx_word' id='word_1_96' title='bbox 690 789 731 823; x_wconf 89' lang='lat' dir='ltr'>in</span> <span class='ocrx_word' id='word_1_97' title='bbox 759 788 889 824; x_wconf 89' lang='lat' dir='ltr'>carica</span> <span class='ocrx_word' id='word_1_98' title='bbox 918 788 1000 824; x_wconf 86' lang='lat' dir='ltr'>fino</span> <span class='ocrx_word' id='word_1_99' title='bbox 1031 788 1100 823; x_wconf 91' lang='lat' dir='ltr'>dal</span> <span class='ocrx_word' id='word_1_100' title='bbox 1130 788 1236 824; x_wconf 90' lang='lat' dir='ltr'>dieci</span> <span class='ocrx_word' id='word_1_101' title='bbox 1267 788 1412 836; x_wconf 81' lang='lat' dir='ltr'>Luglio</span> <span class='ocrx_word' id='word_1_102' title='bbox 1438 799 1553 835; x_wconf 73' lang='lat'>1432,</span> <span class='ocrx_word' id='word_1_103' title='bbox 1579 800 1600 824; x_wconf 88' lang='lat' dir='ltr'>e</span> <span class='ocrx_word' id='word_1_104' title='bbox 1622 789 1648 824; x_wconf 93' lang='lat' dir='ltr'>il</span> <span class='ocrx_word' id='word_1_105' title='bbox 1670 790 1750 825; x_wconf 90' lang='lat' dir='ltr'>due</span> <span class='ocrx_word' id='word_1_106' title='bbox 1771 789 1927 837; x_wconf 81' lang='lat' dir='ltr'>Agosto</span> <span class='ocrx_word' id='word_1_107' title='bbox 1944 791 2156 828; x_wconf 85' lang='lat' dir='ltr'>dell’anno</span> 
     </span>
     <span class='ocr_line' id='line_1_11' title="bbox 437 851 2125 906; baseline 0.002 -17"><span class='ocrx_word' id='word_1_108' title='bbox 437 859 562 889; x_wconf 87' lang='lat' dir='ltr'>stesso</span> <span class='ocrx_word' id='word_1_109' title='bbox 593 865 723 889; x_wconf 87' lang='lat' dir='ltr'>avean</span> <span class='ocrx_word' id='word_1_110' title='bbox 751 851 817 900; x_wconf 78' lang='lat' dir='ltr'>gia</span> <span class='ocrx_word' id='word_1_111' title='bbox 847 853 1068 901; x_wconf 88' lang='lat' dir='ltr'>compilato</span> <span class='ocrx_word' id='word_1_112' title='bbox 1100 853 1369 890; x_wconf 85' lang='lat' dir='ltr'>l&#39;inventario</span> <span class='ocrx_word' id='word_1_113' title='bbox 1402 853 1442 889; x_wconf 94' lang='lat' dir='ltr'>di</span> <span class='ocrx_word' id='word_1_114' title='bbox 1472 854 1564 890; x_wconf 88' lang='lat' dir='ltr'>tutti</span> <span class='ocrx_word' id='word_1_115' title='bbox 1596 854 1607 889; x_wconf 88' lang='lat' dir='ltr'>i</span> <span class='ocrx_word' id='word_1_116' title='bbox 1637 854 1732 890; x_wconf 90' lang='lat' dir='ltr'>beni</span> <span class='ocrx_word' id='word_1_117' title='bbox 1763 855 1870 891; x_wconf 90' lang='lat' dir='ltr'>della</span> <span class='ocrx_word' id='word_1_118' title='bbox 1899 855 2125 906; x_wconf 82' lang='lat' dir='ltr'>Verna(1).</span> 
     </span>
    </p>

    <p class='ocr_par' dir='ltr' id='par_1_5' title="bbox 384 918 2160 1358">
     <span class='ocr_line' id='line_1_12' title="bbox 519 918 2158 966; baseline 0.002 -12"><span class='ocrx_word' id='word_1_119' title='bbox 519 919 721 954; x_wconf 80' lang='lat' dir='ltr'>Abbiamo</span> <span class='ocrx_word' id='word_1_120' title='bbox 751 918 864 954; x_wconf 89' lang='lat' dir='ltr'>detto</span> <span class='ocrx_word' id='word_1_121' title='bbox 895 918 1048 954; x_wconf 79' lang='lat' dir='ltr'>altrove</span> <span class='ocrx_word' id='word_1_122' title='bbox 1079 930 1157 954; x_wconf 92' lang='lat' dir='ltr'>con</span> <span class='ocrx_word' id='word_1_123' title='bbox 1188 919 1226 954; x_wconf 93' lang='grc'>13</span> <span class='ocrx_word' id='word_1_124' title='bbox 1256 925 1390 954; x_wconf 87' lang='grc'>560113</span> <span class='ocrx_word' id='word_1_125' title='bbox 1419 918 1526 966; x_wconf 82' lang='lat' dir='ltr'>degli</span> <span class='ocrx_word' id='word_1_126' title='bbox 1551 919 1709 963; x_wconf 87' lang='lat' dir='ltr'>Autori,</span> <span class='ocrx_word' id='word_1_127' title='bbox 1744 919 1818 956; x_wconf 91' lang='lat' dir='ltr'>che</span> <span class='ocrx_word' id='word_1_128' title='bbox 1848 920 1977 956; x_wconf 92' lang='lat' dir='ltr'>anche</span> <span class='ocrx_word' id='word_1_129' title='bbox 1999 921 2026 956; x_wconf 93' lang='lat' dir='ltr'>il</span> <span class='ocrx_word' id='word_1_130' title='bbox 2047 921 2158 958; x_wconf 70' lang='lat' dir='ltr'>Con-</span> 
     </span>
     <span class='ocr_line' id='line_1_13' title="bbox 438 983 2160 1035; baseline 0.002 -16"><span class='ocrx_word' id='word_1_131' title='bbox 438 990 560 1020; x_wconf 88' lang='lat' dir='ltr'>vento</span> <span class='ocrx_word' id='word_1_132' title='bbox 591 983 815 1028; x_wconf 86' lang='lat' dir='ltr'>materiale,</span> <span class='ocrx_word' id='word_1_133' title='bbox 846 983 1090 1020; x_wconf 86' lang='lat' dir='ltr'>rimanendo</span> <span class='ocrx_word' id='word_1_134' title='bbox 1121 996 1191 1032; x_wconf 91' lang='lat' dir='ltr'>per</span> <span class='ocrx_word' id='word_1_135' title='bbox 1220 984 1348 1020; x_wconf 90' lang='lat' dir='ltr'>molto</span> <span class='ocrx_word' id='word_1_136' title='bbox 1378 989 1517 1032; x_wconf 84' lang='lat' dir='ltr'>tempo</span> <span class='ocrx_word' id='word_1_137' title='bbox 1548 985 1782 1029; x_wconf 90' lang='lat' dir='ltr'>disabitato,</span> <span class='ocrx_word' id='word_1_138' title='bbox 1815 985 1961 1022; x_wconf 74' lang='lat' dir='ltr'>veniva</span> <span class='ocrx_word' id='word_1_139' title='bbox 1989 998 2012 1022; x_wconf 89' lang='grc'>3</span> <span class='ocrx_word' id='word_1_140' title='bbox 2032 987 2160 1035; x_wconf 89' lang='lat' dir='ltr'>depe-</span> 
     </span>
     <span class='ocr_line' id='line_1_14' title="bbox 436 1048 2159 1097; baseline 0.002 -13"><span class='ocrx_word' id='word_1_141' title='bbox 436 1049 513 1085; x_wconf 88' lang='lat' dir='ltr'>rire</span> <span class='ocrx_word' id='word_1_142' title='bbox 541 1061 624 1085; x_wconf 91' lang='lat' dir='ltr'>non</span> <span class='ocrx_word' id='word_1_143' title='bbox 654 1059 782 1097; x_wconf 83' lang='lat' dir='ltr'>poco3</span> <span class='ocrx_word' id='word_1_144' title='bbox 816 1060 883 1085; x_wconf 89' lang='lat' dir='ltr'>era</span> <span class='ocrx_word' id='word_1_145' title='bbox 912 1060 982 1085; x_wconf 89' lang='lat' dir='ltr'>ora</span> <span class='ocrx_word' id='word_1_146' title='bbox 1011 1048 1142 1085; x_wconf 89' lang='lat' dir='ltr'>officio</span> <span class='ocrx_word' id='word_1_147' title='bbox 1173 1061 1194 1084; x_wconf 93' lang='lat' dir='ltr'>e</span> <span class='ocrx_word' id='word_1_148' title='bbox 1224 1049 1414 1096; x_wconf 81' lang='lat' dir='ltr'>impegno</span> <span class='ocrx_word' id='word_1_149' title='bbox 1444 1049 1647 1085; x_wconf 81' lang='lat' dir='ltr'>dell⁷Arte</span> <span class='ocrx_word' id='word_1_150' title='bbox 1677 1050 1785 1085; x_wconf 89' lang='lat' dir='ltr'>della</span> <span class='ocrx_word' id='word_1_151' title='bbox 1822 1049 1935 1086; x_wconf 89' lang='lat' dir='ltr'>Lana</span> <span class='ocrx_word' id='word_1_152' title='bbox 1974 1051 2000 1086; x_wconf 93' lang='lat' dir='ltr'>il</span> <span class='ocrx_word' id='word_1_153' title='bbox 2038 1051 2159 1088; x_wconf 81' lang='grc'>11531·-</span> 
     </span>
     <span class='ocr_line' id='line_1_15' title="bbox 384 1112 2160 1165; baseline 0.001 -15"><span class='ocrx_word' id='word_1_154' title='bbox 384 1144 387 1145; x_wconf 23' lang='lat'><em>⁷</em></span> <span class='ocrx_word' id='word_1_155' title='bbox 438 1115 552 1151; x_wconf 89' lang='lat' dir='ltr'>cirlo.</span> <span class='ocrx_word' id='word_1_156' title='bbox 589 1114 624 1150; x_wconf 70' lang='lat' dir='ltr'><strong>A</strong></span> <span class='ocrx_word' id='word_1_157' title='bbox 654 1112 732 1158; x_wconf 83' lang='lat' dir='ltr'>cio,</span> <span class='ocrx_word' id='word_1_158' title='bbox 765 1114 793 1149; x_wconf 90' lang='lat' dir='ltr'>il</span> <span class='ocrx_word' id='word_1_159' title='bbox 829 1125 871 1150; x_wconf 87' lang='lat'>12</span> <span class='ocrx_word' id='word_1_160' title='bbox 904 1114 1044 1162; x_wconf 82' lang='lat' dir='ltr'>Aprile</span> <span class='ocrx_word' id='word_1_161' title='bbox 1081 1124 1196 1161; x_wconf 76' lang='lat'>1433,</span> <span class='ocrx_word' id='word_1_162' title='bbox 1230 1119 1397 1150; x_wconf 83' lang='lat' dir='ltr'>ottenne</span> <span class='ocrx_word' id='word_1_163' title='bbox 1427 1126 1509 1150; x_wconf 90' lang='lat' dir='ltr'>una</span> <span class='ocrx_word' id='word_1_164' title='bbox 1539 1114 1657 1151; x_wconf 83' lang='lat' dir='ltr'>Bolla</span> <span class='ocrx_word' id='word_1_165' title='bbox 1688 1115 1740 1151; x_wconf 90' lang='lat' dir='ltr'>da</span> <span class='ocrx_word' id='word_1_166' title='bbox 1762 1115 1947 1163; x_wconf 86' lang='lat' dir='ltr'>Eugenio</span> <span class='ocrx_word' id='word_1_167' title='bbox 1969 1115 2043 1161; x_wconf 88' lang='lat' dir='ltr'>IV,</span> <span class='ocrx_word' id='word_1_168' title='bbox 2066 1129 2160 1165; x_wconf 73' lang='lat' dir='ltr'>per-</span> 
     </span>
     <span class='ocr_line' id='line_1_16' title="bbox 439 1179 2159 1227; baseline 0.002 -12"><span class='ocrx_word' id='word_1_169' title='bbox 439 1185 636 1216; x_wconf 91' lang='lat' dir='ltr'>mettente</span> <span class='ocrx_word' id='word_1_170' title='bbox 666 1192 689 1215; x_wconf 88' lang='grc'>3</span> <span class='ocrx_word' id='word_1_171' title='bbox 719 1180 770 1215; x_wconf 90' lang='grc'>161</span> <span class='ocrx_word' id='word_1_172' title='bbox 799 1179 841 1215; x_wconf 88' lang='grc'>(11</span> <span class='ocrx_word' id='word_1_173' title='bbox 871 1179 1046 1216; x_wconf 88' lang='lat' dir='ltr'>ricevere</span> <span class='ocrx_word' id='word_1_174' title='bbox 1077 1179 1172 1227; x_wconf 79' lang='lat' dir='ltr'>ogni</span> <span class='ocrx_word' id='word_1_175' title='bbox 1202 1180 1350 1226; x_wconf 85' lang='lat' dir='ltr'>legato,</span> <span class='ocrx_word' id='word_1_176' title='bbox 1384 1180 1524 1216; x_wconf 89' lang='lat' dir='ltr'>lascito</span> <span class='ocrx_word' id='word_1_177' title='bbox 1555 1181 1606 1216; x_wconf 92' lang='lat' dir='ltr'>ed</span> <span class='ocrx_word' id='word_1_178' title='bbox 1646 1181 1862 1217; x_wconf 88' lang='lat' dir='ltr'>oblazione</span> <span class='ocrx_word' id='word_1_179' title='bbox 1901 1181 1975 1217; x_wconf 92' lang='lat' dir='ltr'>che</span> <span class='ocrx_word' id='word_1_180' title='bbox 2014 1182 2046 1218; x_wconf 89' lang='grc'>51</span> <span class='ocrx_word' id='word_1_181' title='bbox 2085 1194 2159 1219; x_wconf 77' lang='lat' dir='ltr'>vo-</span> 
     </span>
     <span class='ocr_line' id='line_1_17' title="bbox 438 1244 2156 1293; baseline 0.002 -12"><span class='ocrx_word' id='word_1_182' title='bbox 438 1246 538 1281; x_wconf 91' lang='lat' dir='ltr'>lesse</span> <span class='ocrx_word' id='word_1_183' title='bbox 581 1245 663 1281; x_wconf 87' lang='lat' dir='ltr'>fare</span> <span class='ocrx_word' id='word_1_184' title='bbox 693 1245 771 1281; x_wconf 85' lang='lat' dir='ltr'>alla</span> <span class='ocrx_word' id='word_1_185' title='bbox 799 1244 952 1289; x_wconf 88' lang='lat' dir='ltr'>Verna,</span> <span class='ocrx_word' id='word_1_186' title='bbox 985 1257 1006 1281; x_wconf 93' lang='lat' dir='ltr'>e</span> <span class='ocrx_word' id='word_1_187' title='bbox 1035 1245 1110 1281; x_wconf 89' lang='lat' dir='ltr'>che</span> <span class='ocrx_word' id='word_1_188' title='bbox 1132 1256 1216 1280; x_wconf 91' lang='lat' dir='ltr'>non</span> <span class='ocrx_word' id='word_1_189' title='bbox 1235 1257 1416 1293; x_wconf 90' lang='lat' dir='ltr'>possono</span> <span class='ocrx_word' id='word_1_190' title='bbox 1438 1245 1617 1281; x_wconf 88' lang='lat' dir='ltr'>ricevere</span> <span class='ocrx_word' id='word_1_191' title='bbox 1639 1246 1650 1280; x_wconf 92' lang='lat' dir='ltr'>i</span> <span class='ocrx_word' id='word_1_192' title='bbox 1673 1246 1795 1291; x_wconf 67' lang='lat' dir='ltr'>Fran,</span> <span class='ocrx_word' id='word_1_193' title='bbox 1820 1246 1863 1282; x_wconf 89' lang='lat' dir='ltr'>in</span> <span class='ocrx_word' id='word_1_194' title='bbox 1899 1247 2009 1283; x_wconf 83' lang='lat' dir='ltr'>forza</span> <span class='ocrx_word' id='word_1_195' title='bbox 2048 1248 2156 1285; x_wconf 86' lang='lat' dir='ltr'>della</span> 
     </span>
     <span class='ocr_line' id='line_1_18' title="bbox 436 1310 726 1358; baseline -0.003 -11"><span class='ocrx_word' id='word_1_196' title='bbox 436 1311 524 1347; x_wconf 91' lang='grc'>1010</span> <span class='ocrx_word' id='word_1_197' title='bbox 556 1310 726 1358; x_wconf 82' lang='lat' dir='ltr'>Regola.</span> 
     </span>
    </p>

    <p class='ocr_par' dir='ltr' id='par_1_6' title="bbox 518 1373 1024 1423">
     <span class='ocr_line' id='line_1_19' title="bbox 518 1373 1024 1423; baseline -0.002 -11"><span class='ocrx_word' id='word_1_198' title='bbox 518 1376 550 1412; x_wconf 90' lang='lat' dir='ltr'>E</span> <span class='ocrx_word' id='word_1_199' title='bbox 582 1376 618 1412; x_wconf 90' lang='lat' dir='ltr'>la</span> <span class='ocrx_word' id='word_1_200' title='bbox 649 1376 766 1412; x_wconf 86' lang='lat' dir='ltr'>Bolla</span> <span class='ocrx_word' id='word_1_201' title='bbox 800 1373 821 1411; x_wconf 75' lang='lat' dir='ltr'>e.</span> <span class='ocrx_word' id='word_1_202' title='bbox 851 1381 1024 1423; x_wconf 86' lang='lat' dir='ltr'>questa:</span> 
     </span>
    </p>

    <p class='ocr_par' dir='ltr' id='par_1_7' title="bbox 439 1441 2159 1554">
     <span class='ocr_line' id='line_1_20' title="bbox 522 1441 2159 1489; baseline 0.001 -12"><span class='ocrx_word' id='word_1_203' title='bbox 522 1452 580 1489; x_wconf 78' lang='lat'>13.</span> <span class='ocrx_word' id='word_1_204' title='bbox 623 1457 640 1474; x_wconf 90' lang='lat'>«</span> <span class='ocrx_word' id='word_1_205' title='bbox 656 1441 862 1489; x_wconf 81' lang='lat' dir='ltr'>Eugenius</span> <span class='ocrx_word' id='word_1_206' title='bbox 884 1441 1111 1489; x_wconf 80' lang='lat' dir='ltr'>Episcopus</span> <span class='ocrx_word' id='word_1_207' title='bbox 1131 1453 1268 1477; x_wconf 87' lang='lat' dir='ltr'>servus</span> <span class='ocrx_word' id='word_1_208' title='bbox 1289 1453 1494 1477; x_wconf 89' lang='lat' dir='ltr'>servorum</span> <span class='ocrx_word' id='word_1_209' title='bbox 1511 1441 1589 1477; x_wconf 89' lang='lat' dir='ltr'>Dei</span> <span class='ocrx_word' id='word_1_210' title='bbox 1607 1442 1776 1478; x_wconf 91' lang='lat' dir='ltr'>Dilectis</span> <span class='ocrx_word' id='word_1_211' title='bbox 1796 1442 1887 1478; x_wconf 88' lang='lat' dir='ltr'>filiis</span> <span class='ocrx_word' id='word_1_212' title='bbox 1908 1442 2159 1479; x_wconf 80' lang='lat' dir='ltr'>Consulibus</span> 
     </span>
     <span class='ocr_line' id='line_1_21' title="bbox 439 1506 2096 1554; baseline 0.001 -12"><span class='ocrx_word' id='word_1_213' title='bbox 439 1507 546 1543; x_wconf 80' lang='lat' dir='ltr'>Artis</span> <span class='ocrx_word' id='word_1_214' title='bbox 576 1507 668 1543; x_wconf 89' lang='grc'>13116</span> <span class='ocrx_word' id='word_1_215' title='bbox 698 1506 871 1542; x_wconf 79' lang='lat' dir='ltr'>civitatis</span> <span class='ocrx_word' id='word_1_216' title='bbox 900 1506 1149 1551; x_wconf 84' lang='lat' dir='ltr'>Florentine,</span> <span class='ocrx_word' id='word_1_217' title='bbox 1183 1506 1363 1543; x_wconf 80' lang='lat' dir='ltr'>Salutem</span> <span class='ocrx_word' id='word_1_218' title='bbox 1393 1513 1432 1542; x_wconf 88' lang='lat' dir='ltr'>et</span> <span class='ocrx_word' id='word_1_219' title='bbox 1461 1507 1729 1554; x_wconf 88' lang='lat' dir='ltr'>apostolicam</span> <span class='ocrx_word' id='word_1_220' title='bbox 1750 1507 2096 1544; x_wconf 83' lang='lat' dir='ltr'>benedictionem.</span> 
     </span>
    </p>

    <p class='ocr_par' dir='ltr' id='par_1_8' title="bbox 438 1571 2160 1817">
     <span class='ocr_line' id='line_1_22' title="bbox 529 1571 2158 1622; baseline 0.004 -18"><span class='ocrx_word' id='word_1_221' title='bbox 529 1572 627 1607; x_wconf 85' lang='lat' dir='ltr'>«Ad</span> <span class='ocrx_word' id='word_1_222' title='bbox 659 1583 719 1616; x_wconf 88' lang='grc'>63,</span> <span class='ocrx_word' id='word_1_223' title='bbox 753 1583 803 1607; x_wconf 75' lang='lat' dir='ltr'>ex</span> <span class='ocrx_word' id='word_1_224' title='bbox 830 1571 1056 1619; x_wconf 88' lang='lat' dir='ltr'>apostolice</span> <span class='ocrx_word' id='word_1_225' title='bbox 1086 1571 1288 1608; x_wconf 88' lang='lat' dir='ltr'>servitutis</span> <span class='ocrx_word' id='word_1_226' title='bbox 1318 1572 1466 1616; x_wconf 90' lang='lat' dir='ltr'>officio,</span> <span class='ocrx_word' id='word_1_227' title='bbox 1500 1572 1673 1608; x_wconf 83' lang='lat' dir='ltr'>libenter</span> <span class='ocrx_word' id='word_1_228' title='bbox 1693 1573 1956 1618; x_wconf 73' lang='lat' dir='ltr'>intendimus,</span> <span class='ocrx_word' id='word_1_229' title='bbox 1974 1585 2045 1621; x_wconf 88' lang='lat' dir='ltr'>per</span> <span class='ocrx_word' id='word_1_230' title='bbox 2075 1585 2158 1622; x_wconf 86' lang='lat' dir='ltr'>que</span> 
     </span>
     <span class='ocr_line' id='line_1_23' title="bbox 444 1637 2160 1688; baseline 0.001 -14"><span class='ocrx_word' id='word_1_231' title='bbox 444 1638 706 1674; x_wconf 86' lang='lat' dir='ltr'>ecclesiarum</span> <span class='ocrx_word' id='word_1_232' title='bbox 749 1643 788 1673; x_wconf 87' lang='lat' dir='ltr'>et</span> <span class='ocrx_word' id='word_1_233' title='bbox 827 1637 1192 1673; x_wconf 88' lang='lat' dir='ltr'>ecclesiasticarum</span> <span class='ocrx_word' id='word_1_234' title='bbox 1232 1649 1496 1685; x_wconf 87' lang='lat' dir='ltr'>personarum</span> <span class='ocrx_word' id='word_1_235' title='bbox 1536 1638 1808 1685; x_wconf 88' lang='lat' dir='ltr'>quarumlibet</span> <span class='ocrx_word' id='word_1_236' title='bbox 1845 1638 2016 1684; x_wconf 88' lang='lat' dir='ltr'>illarum,</span> <span class='ocrx_word' id='word_1_237' title='bbox 2068 1651 2160 1688; x_wconf 69' lang='lat' dir='ltr'>pre-</span> 
     </span>
     <span class='ocr_line' id='line_1_24' title="bbox 439 1702 2159 1751; baseline 0.001 -13"><span class='ocrx_word' id='word_1_238' title='bbox 439 1703 573 1739; x_wconf 82' lang='lat' dir='ltr'>sertim</span> <span class='ocrx_word' id='word_1_239' title='bbox 604 1714 683 1751; x_wconf 88' lang='lat' dir='ltr'>que</span> <span class='ocrx_word' id='word_1_240' title='bbox 714 1703 787 1738; x_wconf 91' lang='lat' dir='ltr'>sub</span> <span class='ocrx_word' id='word_1_241' title='bbox 818 1702 1025 1749; x_wconf 83' lang='lat' dir='ltr'>religionis</span> <span class='ocrx_word' id='word_1_242' title='bbox 1056 1702 1314 1738; x_wconf 83' lang='lat' dir='ltr'>observantia</span> <span class='ocrx_word' id='word_1_243' title='bbox 1335 1703 1529 1738; x_wconf 88' lang='lat' dir='ltr'>devotum</span> <span class='ocrx_word' id='word_1_244' title='bbox 1551 1709 1589 1738; x_wconf 85' lang='lat' dir='ltr'>et</span> <span class='ocrx_word' id='word_1_245' title='bbox 1610 1703 1798 1739; x_wconf 90' lang='lat' dir='ltr'>sedulum</span> <span class='ocrx_word' id='word_1_246' title='bbox 1819 1704 2012 1740; x_wconf 76' lang='lat' dir='ltr'>exhibent</span> <span class='ocrx_word' id='word_1_247' title='bbox 2034 1704 2159 1740; x_wconf 48' lang='lat' dir='ltr'>Altis*</span> 
     </span>
     <span class='ocr_line' id='line_1_25' title="bbox 438 1766 1651 1817; baseline -0.001 -13"><span class='ocrx_word' id='word_1_248' title='bbox 438 1769 540 1804; x_wconf 86' lang='lat' dir='ltr'>simo</span> <span class='ocrx_word' id='word_1_249' title='bbox 570 1768 807 1804; x_wconf 84' lang='lat' dir='ltr'>famulatum</span> <span class='ocrx_word' id='word_1_250' title='bbox 837 1767 1180 1815; x_wconf 77' lang='lat' dir='ltr'>oportunitatibus</span> <span class='ocrx_word' id='word_1_251' title='bbox 1208 1766 1262 1817; x_wconf 68' lang='grc' dir='ltr'>(Ρ)</span> <span class='ocrx_word' id='word_1_252' title='bbox 1291 1768 1423 1803; x_wconf 82' lang='grc' dir='ltr'>ν31631</span> <span class='ocrx_word' id='word_1_253' title='bbox 1453 1768 1651 1804; x_wconf 87' lang='lat' dir='ltr'>famulari.</span> 
     </span>
    </p>

    <p class='ocr_par' dir='ltr' id='par_1_9' title="bbox 437 1832 2157 2599">
     <span class='ocr_line' id='line_1_26' title="bbox 526 1832 2153 1882; baseline 0.004 -17"><span class='ocrx_word' id='word_1_254' title='bbox 526 1849 540 1865; x_wconf 57' lang='grc' dir='ltr'>(ε</span> <span class='ocrx_word' id='word_1_255' title='bbox 557 1833 674 1877; x_wconf 84' lang='lat' dir='ltr'>Sane,</span> <span class='ocrx_word' id='word_1_256' title='bbox 709 1844 780 1881; x_wconf 91' lang='lat' dir='ltr'>pro</span> <span class='ocrx_word' id='word_1_257' title='bbox 811 1839 924 1880; x_wconf 89' lang='lat' dir='ltr'>parte</span> <span class='ocrx_word' id='word_1_258' title='bbox 945 1839 1077 1868; x_wconf 85' lang='lat' dir='ltr'>vestra</span> <span class='ocrx_word' id='word_1_259' title='bbox 1097 1832 1216 1868; x_wconf 88' lang='lat' dir='ltr'>nobis</span> <span class='ocrx_word' id='word_1_260' title='bbox 1238 1844 1366 1880; x_wconf 85' lang='lat' dir='ltr'>nuper</span> <span class='ocrx_word' id='word_1_261' title='bbox 1388 1833 1568 1869; x_wconf 77' lang='lat' dir='ltr'>exhibita</span> <span class='ocrx_word' id='word_1_262' title='bbox 1588 1833 1732 1881; x_wconf 90' lang='lat' dir='ltr'>petitio</span> <span class='ocrx_word' id='word_1_263' title='bbox 1755 1833 2002 1878; x_wconf 88' lang='lat' dir='ltr'>continebat,</span> <span class='ocrx_word' id='word_1_264' title='bbox 2042 1835 2153 1882; x_wconf 86' lang='lat' dir='ltr'>quod</span> 
     </span>
     <span class='ocr_line' id='line_1_27' title="bbox 438 1897 2157 1946; baseline 0.001 -12"><span class='ocrx_word' id='word_1_265' title='bbox 438 1898 609 1935; x_wconf 87' lang='lat' dir='ltr'>ecclesia</span> <span class='ocrx_word' id='word_1_266' title='bbox 638 1904 760 1946; x_wconf 88' lang='lat' dir='ltr'>atque</span> <span class='ocrx_word' id='word_1_267' title='bbox 790 1898 936 1933; x_wconf 89' lang='lat' dir='ltr'>domus</span> <span class='ocrx_word' id='word_1_268' title='bbox 965 1898 1016 1933; x_wconf 89' lang='lat' dir='ltr'>de</span> <span class='ocrx_word' id='word_1_269' title='bbox 1045 1897 1242 1942; x_wconf 84' lang='lat' dir='ltr'>Laverna,</span> <span class='ocrx_word' id='word_1_270' title='bbox 1276 1897 1442 1934; x_wconf 88' lang='lat' dir='ltr'>Aretine</span> <span class='ocrx_word' id='word_1_271' title='bbox 1473 1899 1661 1942; x_wconf 88' lang='lat' dir='ltr'>diocesis⁷</span> <span class='ocrx_word' id='word_1_272' title='bbox 1687 1897 1852 1935; x_wconf 87' lang='lat' dir='ltr'>Ordinis</span> <span class='ocrx_word' id='word_1_273' title='bbox 1872 1899 2055 1935; x_wconf 84' lang='lat' dir='ltr'>Fratrum</span> <span class='ocrx_word' id='word_1_274' title='bbox 2077 1900 2157 1935; x_wconf 76' lang='lat' dir='ltr'>Mi-</span> 
     </span>
     <span class='ocr_line' id='line_1_28' title="bbox 438 1963 2154 2011; baseline 0.001 -13"><span class='ocrx_word' id='word_1_275' title='bbox 438 1975 584 1999; x_wconf 87' lang='lat' dir='ltr'>norum</span> <span class='ocrx_word' id='word_1_276' title='bbox 612 1964 653 1999; x_wconf 89' lang='lat' dir='ltr'>in</span> <span class='ocrx_word' id='word_1_277' title='bbox 683 1963 832 2011; x_wconf 86' lang='lat' dir='ltr'>quibus</span> <span class='ocrx_word' id='word_1_278' title='bbox 861 1963 1004 1999; x_wconf 89' lang='lat' dir='ltr'>beatus</span> <span class='ocrx_word' id='word_1_279' title='bbox 1033 1963 1272 1999; x_wconf 85' lang='lat' dir='ltr'>Franciscus</span> <span class='ocrx_word' id='word_1_280' title='bbox 1302 1963 1567 2011; x_wconf 85' lang='lat' dir='ltr'>penitentiam</span> <span class='ocrx_word' id='word_1_281' title='bbox 1597 1976 1720 2011; x_wconf 84' lang='lat' dir='ltr'>agens</span> <span class='ocrx_word' id='word_1_282' title='bbox 1754 1971 2025 2000; x_wconf 87' lang='lat' dir='ltr'>commoratus</span> <span class='ocrx_word' id='word_1_283' title='bbox 2063 1965 2154 2010; x_wconf 79' lang='lat' dir='ltr'>fuit,</span> 
     </span>
     <span class='ocr_line' id='line_1_29' title="bbox 438 2028 2152 2077; baseline 0 -12"><span class='ocrx_word' id='word_1_284' title='bbox 438 2035 476 2065; x_wconf 87' lang='lat' dir='ltr'>et</span> <span class='ocrx_word' id='word_1_285' title='bbox 506 2041 675 2077; x_wconf 87' lang='lat' dir='ltr'>quarum</span> <span class='ocrx_word' id='word_1_286' title='bbox 706 2040 842 2064; x_wconf 89' lang='lat' dir='ltr'>curam</span> <span class='ocrx_word' id='word_1_287' title='bbox 872 2028 1021 2075; x_wconf 82' lang='lat' dir='ltr'>geritis,</span> <span class='ocrx_word' id='word_1_288' title='bbox 1054 2028 1096 2063; x_wconf 90' lang='lat' dir='ltr'>in</span> <span class='ocrx_word' id='word_1_289' title='bbox 1125 2028 1329 2075; x_wconf 84' lang='lat' dir='ltr'>aliquibus</span> <span class='ocrx_word' id='word_1_290' title='bbox 1372 2041 1509 2064; x_wconf 88' lang='lat' dir='ltr'>earum</span> <span class='ocrx_word' id='word_1_291' title='bbox 1554 2029 1734 2077; x_wconf 87' lang='lat' dir='ltr'>partibus</span> <span class='ocrx_word' id='word_1_292' title='bbox 1763 2029 1922 2065; x_wconf 90' lang='lat' dir='ltr'>ruinam</span> <span class='ocrx_word' id='word_1_293' title='bbox 1960 2030 2152 2075; x_wconf 83' lang='lat' dir='ltr'>minatur,</span> 
     </span>
     <span class='ocr_line' id='line_1_30' title="bbox 438 2093 2154 2142; baseline 0.001 -11"><span class='ocrx_word' id='word_1_294' title='bbox 438 2102 478 2131; x_wconf 89' lang='lat' dir='ltr'>et</span> <span class='ocrx_word' id='word_1_295' title='bbox 505 2095 583 2131; x_wconf 90' lang='lat' dir='ltr'>nisi</span> <span class='ocrx_word' id='word_1_296' title='bbox 612 2095 668 2130; x_wconf 89' lang='lat' dir='ltr'>eis</span> <span class='ocrx_word' id='word_1_297' title='bbox 698 2093 971 2141; x_wconf 81' lang='lat' dir='ltr'>provideatur,</span> <span class='ocrx_word' id='word_1_298' title='bbox 1006 2094 1145 2129; x_wconf 90' lang='lat' dir='ltr'>venire</span> <span class='ocrx_word' id='word_1_299' title='bbox 1174 2100 1365 2141; x_wconf 88' lang='lat' dir='ltr'>poterunt</span> <span class='ocrx_word' id='word_1_300' title='bbox 1393 2094 1446 2130; x_wconf 84' lang='lat' dir='ltr'>de</span> <span class='ocrx_word' id='word_1_301' title='bbox 1475 2095 1658 2142; x_wconf 79' lang='lat' dir='ltr'>proximo</span> <span class='ocrx_word' id='word_1_302' title='bbox 1689 2095 1730 2130; x_wconf 89' lang='lat' dir='ltr'>in</span> <span class='ocrx_word' id='word_1_303' title='bbox 1760 2095 1998 2142; x_wconf 90' lang='lat' dir='ltr'>collapsum,</span> <span class='ocrx_word' id='word_1_304' title='bbox 2035 2097 2075 2132; x_wconf 87' lang='lat' dir='ltr'>et</span> <span class='ocrx_word' id='word_1_305' title='bbox 2105 2108 2154 2132; x_wconf 83' lang='lat' dir='ltr'>ex</span> 
     </span>
     <span class='ocr_line' id='line_1_31' title="bbox 438 2159 2157 2208; baseline -0.001 -11"><span class='ocrx_word' id='word_1_306' title='bbox 438 2173 486 2197; x_wconf 93' lang='lat' dir='ltr'>eo</span> <span class='ocrx_word' id='word_1_307' title='bbox 517 2160 629 2208; x_wconf 87' lang='lat' dir='ltr'>quod</span> <span class='ocrx_word' id='word_1_308' title='bbox 661 2159 819 2195; x_wconf 87' lang='lat' dir='ltr'>Fratres</span> <span class='ocrx_word' id='word_1_309' title='bbox 849 2159 890 2194; x_wconf 90' lang='lat' dir='ltr'>in</span> <span class='ocrx_word' id='word_1_310' title='bbox 920 2159 1092 2195; x_wconf 90' lang='lat' dir='ltr'>ecclesia</span> <span class='ocrx_word' id='word_1_311' title='bbox 1122 2165 1160 2194; x_wconf 91' lang='lat' dir='ltr'>et</span> <span class='ocrx_word' id='word_1_312' title='bbox 1189 2159 1380 2195; x_wconf 89' lang='lat' dir='ltr'>domibus</span> <span class='ocrx_word' id='word_1_313' title='bbox 1426 2160 1590 2208; x_wconf 86' lang='lat' dir='ltr'>prefatis</span> <span class='ocrx_word' id='word_1_314' title='bbox 1622 2166 1934 2205; x_wconf 85' lang='lat' dir='ltr'>commorantes,</span> <span class='ocrx_word' id='word_1_315' title='bbox 1985 2172 2031 2196; x_wconf 90' lang='lat' dir='ltr'>ac</span> <span class='ocrx_word' id='word_1_316' title='bbox 2076 2161 2157 2197; x_wconf 78' lang='lat' dir='ltr'>Re-</span> 
     </span>
     <span class='ocr_line' id='line_1_32' title="bbox 437 2216 2151 2274; baseline 0.001 -13"><span class='ocrx_word' id='word_1_317' title='bbox 437 2226 617 2274; x_wconf 87' lang='lat' dir='ltr'>gularem</span> <span class='ocrx_word' id='word_1_318' title='bbox 660 2224 971 2261; x_wconf 76' lang='lat' dir='ltr'>Observantiain</span> <span class='ocrx_word' id='word_1_319' title='bbox 1009 2224 1107 2260; x_wconf 86' lang='lat' dir='ltr'>dicti</span> <span class='ocrx_word' id='word_1_320' title='bbox 1146 2222 1312 2260; x_wconf 86' lang='lat' dir='ltr'>Ordinis</span> <span class='ocrx_word' id='word_1_321' title='bbox 1351 2216 1645 2269; x_wconf 37' lang='lat' dir='ltr'>tenentessad</span> <span class='ocrx_word' id='word_1_322' title='bbox 1684 2226 1966 2274; x_wconf 88' lang='lat' dir='ltr'>recipiendum</span> <span class='ocrx_word' id='word_1_323' title='bbox 2005 2226 2151 2274; x_wconf 81' lang='lat' dir='ltr'>legata,</span> 
     </span>
     <span class='ocr_line' id='line_1_33' title="bbox 438 2289 2156 2338; baseline 0 -11"><span class='ocrx_word' id='word_1_324' title='bbox 438 2291 668 2328; x_wconf 86' lang='lat' dir='ltr'>oblationes</span> <span class='ocrx_word' id='word_1_325' title='bbox 696 2296 735 2326; x_wconf 96' lang='lat' dir='ltr'>et</span> <span class='ocrx_word' id='word_1_326' title='bbox 763 2289 903 2325; x_wconf 88' lang='lat' dir='ltr'>relicta</span> <span class='ocrx_word' id='word_1_327' title='bbox 932 2289 990 2325; x_wconf 88' lang='lat' dir='ltr'>eis</span> <span class='ocrx_word' id='word_1_328' title='bbox 1021 2290 1138 2335; x_wconf 87' lang='lat' dir='ltr'>facta,</span> <span class='ocrx_word' id='word_1_329' title='bbox 1171 2301 1217 2325; x_wconf 88' lang='grc'>36</span> <span class='ocrx_word' id='word_1_330' title='bbox 1247 2289 1326 2325; x_wconf 89' lang='grc'>3113</span> <span class='ocrx_word' id='word_1_331' title='bbox 1355 2290 1462 2326; x_wconf 89' lang='grc'>00113</span> <span class='ocrx_word' id='word_1_332' title='bbox 1501 2302 1758 2338; x_wconf 80' lang='lat' dir='ltr'>quecunque,</span> <span class='ocrx_word' id='word_1_333' title='bbox 1800 2302 1841 2326; x_wconf 91' lang='lat' dir='ltr'>se</span> <span class='ocrx_word' id='word_1_334' title='bbox 1880 2298 2061 2327; x_wconf 90' lang='lat' dir='ltr'>asserunt</span> <span class='ocrx_word' id='word_1_335' title='bbox 2095 2292 2156 2327; x_wconf 88' lang='lat' dir='ltr'>in-</span> 
     </span>
     <span class='ocr_line' id='line_1_34' title="bbox 437 2347 2157 2404; baseline 0 -11"><span class='ocrx_word' id='word_1_336' title='bbox 437 2368 620 2404; x_wconf 87' lang='lat' dir='ltr'>capaces,</span> <span class='ocrx_word' id='word_1_337' title='bbox 655 2361 694 2391; x_wconf 93' lang='lat' dir='ltr'>et</span> <span class='ocrx_word' id='word_1_338' title='bbox 723 2367 771 2391; x_wconf 90' lang='lat' dir='ltr'>ea</span> <span class='ocrx_word' id='word_1_339' title='bbox 801 2355 982 2403; x_wconf 89' lang='lat' dir='ltr'>recipere</span> <span class='ocrx_word' id='word_1_340' title='bbox 1012 2347 1314 2400; x_wconf 78' lang='lat' dir='ltr'>contradicunt,</span> <span class='ocrx_word' id='word_1_341' title='bbox 1347 2367 1418 2391; x_wconf 84' lang='lat' dir='ltr'>vos</span> <span class='ocrx_word' id='word_1_342' title='bbox 1449 2356 1570 2391; x_wconf 88' lang='lat' dir='ltr'>etiam</span> <span class='ocrx_word' id='word_1_343' title='bbox 1610 2356 1847 2392; x_wconf 86' lang='lat' dir='ltr'>huiusmodi</span> <span class='ocrx_word' id='word_1_344' title='bbox 1868 2356 2016 2403; x_wconf 82' lang='lat' dir='ltr'>legata,</span> <span class='ocrx_word' id='word_1_345' title='bbox 2042 2357 2157 2393; x_wconf 90' lang='grc'>0013-</span> 
     </span>
     <span class='ocr_line' id='line_1_35' title="bbox 438 2419 2155 2468; baseline 0 -10"><span class='ocrx_word' id='word_1_346' title='bbox 438 2422 584 2465; x_wconf 89' lang='grc'>1101165,</span> <span class='ocrx_word' id='word_1_347' title='bbox 616 2420 755 2456; x_wconf 87' lang='grc'>1611613</span> <span class='ocrx_word' id='word_1_348' title='bbox 785 2427 824 2456; x_wconf 84' lang='grc'>61</span> <span class='ocrx_word' id='word_1_349' title='bbox 853 2421 961 2456; x_wconf 89' lang='grc'>00113</span> <span class='ocrx_word' id='word_1_350' title='bbox 1009 2420 1088 2456; x_wconf 90' lang='grc'>3113</span> <span class='ocrx_word' id='word_1_351' title='bbox 1135 2419 1318 2456; x_wconf 89' lang='lat' dir='ltr'>similiter</span> <span class='ocrx_word' id='word_1_352' title='bbox 1356 2420 1537 2468; x_wconf 90' lang='lat' dir='ltr'>recipere</span> <span class='ocrx_word' id='word_1_353' title='bbox 1574 2433 1659 2456; x_wconf 85' lang='lat' dir='ltr'>non</span> <span class='ocrx_word' id='word_1_354' title='bbox 1698 2421 1879 2457; x_wconf 88' lang='lat' dir='ltr'>valentes</span> <span class='ocrx_word' id='word_1_355' title='bbox 1918 2422 2155 2458; x_wconf 85' lang='lat' dir='ltr'>earumdem</span> 
     </span>
     <span class='ocr_line' id='line_1_36' title="bbox 438 2485 2156 2533; baseline 0 -10"><span class='ocrx_word' id='word_1_356' title='bbox 438 2486 607 2524; x_wconf 93' lang='lat' dir='ltr'>ecclesie</span> <span class='ocrx_word' id='word_1_357' title='bbox 638 2493 677 2522; x_wconf 91' lang='lat' dir='ltr'>et</span> <span class='ocrx_word' id='word_1_358' title='bbox 707 2486 922 2522; x_wconf 86' lang='lat' dir='ltr'>domorum</span> <span class='ocrx_word' id='word_1_359' title='bbox 951 2485 1249 2533; x_wconf 84' lang='lat' dir='ltr'>reparationem</span> <span class='ocrx_word' id='word_1_360' title='bbox 1280 2485 1491 2522; x_wconf 87' lang='lat' dir='ltr'>intendere</span> <span class='ocrx_word' id='word_1_361' title='bbox 1521 2498 1566 2521; x_wconf 89' lang='grc'>36</span> <span class='ocrx_word' id='word_1_362' title='bbox 1597 2486 1712 2522; x_wconf 89' lang='lat' dir='ltr'>ruine</span> <span class='ocrx_word' id='word_1_363' title='bbox 1733 2486 1968 2522; x_wconf 89' lang='lat' dir='ltr'>huiusmodi</span> <span class='ocrx_word' id='word_1_364' title='bbox 1990 2487 2156 2523; x_wconf 83' lang='lat' dir='ltr'>obviare</span> 
     </span>
     <span class='ocr_line' id='line_1_37' title="bbox 439 2551 733 2599; baseline -0.007 -11"><span class='ocrx_word' id='word_1_365' title='bbox 439 2564 522 2588; x_wconf 87' lang='lat' dir='ltr'>non</span> <span class='ocrx_word' id='word_1_366' title='bbox 551 2551 733 2599; x_wconf 88' lang='lat' dir='ltr'>potestis.</span> 
     </span>
    </p>

    <p class='ocr_par' dir='ltr' id='par_1_10' title="bbox 439 2615 2157 2926">
     <span class='ocr_line' id='line_1_38' title="bbox 527 2615 2150 2664; baseline 0.002 -15"><span class='ocrx_word' id='word_1_367' title='bbox 527 2615 695 2662; x_wconf 83' lang='lat' dir='ltr'>«Quare</span> <span class='ocrx_word' id='word_1_368' title='bbox 724 2627 796 2663; x_wconf 91' lang='lat' dir='ltr'>pro</span> <span class='ocrx_word' id='word_1_369' title='bbox 826 2621 939 2662; x_wconf 89' lang='lat' dir='ltr'>parte</span> <span class='ocrx_word' id='word_1_370' title='bbox 968 2622 1101 2651; x_wconf 83' lang='lat' dir='ltr'>vestra</span> <span class='ocrx_word' id='word_1_371' title='bbox 1129 2615 1248 2651; x_wconf 89' lang='lat' dir='ltr'>nobis</span> <span class='ocrx_word' id='word_1_372' title='bbox 1279 2616 1351 2651; x_wconf 87' lang='lat' dir='ltr'>fuit</span> <span class='ocrx_word' id='word_1_373' title='bbox 1381 2616 1587 2652; x_wconf 87' lang='lat' dir='ltr'>humiliter</span> <span class='ocrx_word' id='word_1_374' title='bbox 1617 2617 1904 2664; x_wconf 83' lang='lat' dir='ltr'>supplicatum,</span> <span class='ocrx_word' id='word_1_375' title='bbox 1938 2623 1982 2653; x_wconf 90' lang='lat' dir='ltr'>ut</span> <span class='ocrx_word' id='word_1_376' title='bbox 2003 2617 2150 2664; x_wconf 77' lang='lat' dir='ltr'>legata,</span> 
     </span>
     <span class='ocr_line' id='line_1_39' title="bbox 440 2681 2153 2729; baseline -0.001 -10"><span class='ocrx_word' id='word_1_377' title='bbox 440 2682 680 2726; x_wconf 85' lang='lat' dir='ltr'>oblationes,</span> <span class='ocrx_word' id='word_1_378' title='bbox 713 2681 852 2716; x_wconf 90' lang='lat' dir='ltr'>relicta</span> <span class='ocrx_word' id='word_1_379' title='bbox 882 2687 920 2716; x_wconf 89' lang='lat' dir='ltr'>et</span> <span class='ocrx_word' id='word_1_380' title='bbox 949 2681 1058 2716; x_wconf 89' lang='lat' dir='ltr'>bona</span> <span class='ocrx_word' id='word_1_381' title='bbox 1088 2681 1325 2716; x_wconf 87' lang='lat' dir='ltr'>huiusmodi</span> <span class='ocrx_word' id='word_1_382' title='bbox 1355 2693 1427 2729; x_wconf 89' lang='lat' dir='ltr'>pro</span> <span class='ocrx_word' id='word_1_383' title='bbox 1456 2682 1712 2729; x_wconf 82' lang='lat' dir='ltr'>reparatione</span> <span class='ocrx_word' id='word_1_384' title='bbox 1742 2683 1912 2718; x_wconf 87' lang='lat' dir='ltr'>ecclesie</span> <span class='ocrx_word' id='word_1_385' title='bbox 1942 2689 1981 2718; x_wconf 90' lang='lat' dir='ltr'>et</span> <span class='ocrx_word' id='word_1_386' title='bbox 2011 2683 2153 2718; x_wconf 88' lang='lat' dir='ltr'>domo-</span> 
     </span>
     <span class='ocr_line' id='line_1_40' title="bbox 439 2746 2157 2795; baseline 0 -12"><span class='ocrx_word' id='word_1_387' title='bbox 439 2760 528 2783; x_wconf 89' lang='lat' dir='ltr'>rum</span> <span class='ocrx_word' id='word_1_388' title='bbox 557 2746 834 2794; x_wconf 88' lang='lat' dir='ltr'>predictorum</span> <span class='ocrx_word' id='word_1_389' title='bbox 862 2746 1087 2793; x_wconf 89' lang='lat' dir='ltr'>recipiendi</span> <span class='ocrx_word' id='word_1_390' title='bbox 1117 2746 1322 2782; x_wconf 88' lang='lat' dir='ltr'>licentiam</span> <span class='ocrx_word' id='word_1_391' title='bbox 1353 2747 1594 2791; x_wconf 83' lang='lat' dir='ltr'>concedere,</span> <span class='ocrx_word' id='word_1_392' title='bbox 1627 2747 1679 2782; x_wconf 91' lang='lat' dir='ltr'>de</span> <span class='ocrx_word' id='word_1_393' title='bbox 1710 2748 1961 2795; x_wconf 84' lang='lat' dir='ltr'>benignitate</span> <span class='ocrx_word' id='word_1_394' title='bbox 1989 2753 2157 2795; x_wconf 46' lang='lat' dir='ltr'>aposto*</span> 
     </span>
     <span class='ocr_line' id='line_1_41' title="bbox 439 2811 2157 2860; baseline -0.001 -11"><span class='ocrx_word' id='word_1_395' title='bbox 439 2813 516 2849; x_wconf 89' lang='lat' dir='ltr'>lica</span> <span class='ocrx_word' id='word_1_396' title='bbox 546 2812 815 2859; x_wconf 82' lang='lat' dir='ltr'>dignaremur.</span> <span class='ocrx_word' id='word_1_397' title='bbox 850 2811 938 2847; x_wconf 88' lang='lat' dir='ltr'>Nos</span> <span class='ocrx_word' id='word_1_398' title='bbox 967 2811 1086 2858; x_wconf 84' lang='lat' dir='ltr'>igitur</span> <span class='ocrx_word' id='word_1_399' title='bbox 1116 2811 1349 2847; x_wconf 85' lang='lat' dir='ltr'>huiusmodi</span> <span class='ocrx_word' id='word_1_400' title='bbox 1388 2812 1755 2860; x_wconf 85' lang='lat' dir='ltr'>supplicationibus</span> <span class='ocrx_word' id='word_1_401' title='bbox 1793 2813 1989 2857; x_wconf 74' lang='grc'>1116110311,</span> <span class='ocrx_word' id='word_1_402' title='bbox 2038 2813 2157 2848; x_wconf 81' lang='lat' dir='ltr'>vobis</span> 
     </span>
     <span class='ocr_line' id='line_1_42' title="bbox 439 2876 2152 2926; baseline 0 -13"><span class='ocrx_word' id='word_1_403' title='bbox 439 2878 584 2925; x_wconf 74' lang='lat' dir='ltr'>legata,</span> <span class='ocrx_word' id='word_1_404' title='bbox 616 2876 757 2912; x_wconf 88' lang='lat' dir='ltr'>relicta</span> <span class='ocrx_word' id='word_1_405' title='bbox 787 2882 827 2912; x_wconf 91' lang='lat' dir='ltr'>et</span> <span class='ocrx_word' id='word_1_406' title='bbox 844 2876 1071 2912; x_wconf 86' lang='lat' dir='ltr'>oblationes</span> <span class='ocrx_word' id='word_1_407' title='bbox 1091 2877 1289 2912; x_wconf 86' lang='lat' dir='ltr'>hactenus</span> <span class='ocrx_word' id='word_1_408' title='bbox 1309 2877 1479 2913; x_wconf 88' lang='lat' dir='ltr'>ecclesie</span> <span class='ocrx_word' id='word_1_409' title='bbox 1501 2884 1622 2925; x_wconf 88' lang='lat' dir='ltr'>atque</span> <span class='ocrx_word' id='word_1_410' title='bbox 1657 2878 1848 2914; x_wconf 89' lang='lat' dir='ltr'>domibus</span> <span class='ocrx_word' id='word_1_411' title='bbox 1866 2878 2030 2926; x_wconf 86' lang='lat' dir='ltr'>prefatis</span> <span class='ocrx_word' id='word_1_412' title='bbox 2050 2878 2152 2913; x_wconf 80' lang='lat' dir='ltr'>facta</span> 
     </span>
    </p>
   </div>
   <div class='ocr_carea' id='block_1_4' title="bbox 439 3019 2155 3123">
    <p class='ocr_par' dir='ltr' id='par_1_11' title="bbox 439 3019 2155 3123">
     <span class='ocr_line' id='line_1_43' title="bbox 537 3019 2155 3063; baseline 0.002 -12"><span class='ocrx_word' id='word_1_413' title='bbox 537 3020 588 3060; x_wconf 86' lang='grc' dir='ltr'>(Ι)</span> <span class='ocrx_word' id='word_1_414' title='bbox 616 3019 703 3050; x_wconf 91' lang='lat' dir='ltr'>Vedi</span> <span class='ocrx_word' id='word_1_415' title='bbox 728 3019 779 3049; x_wconf 86' lang='lat' dir='ltr'>La</span> <span class='ocrx_word' id='word_1_416' title='bbox 814 3019 926 3050; x_wconf 73' lang='lat' dir='ltr'>Veram</span> <span class='ocrx_word' id='word_1_417' title='bbox 952 3030 1005 3050; x_wconf 82' lang='lat' dir='ltr'>an.</span> <span class='ocrx_word' id='word_1_418' title='bbox 1036 3020 1091 3050; x_wconf 88' lang='lat' dir='ltr'>cit.</span> <span class='ocrx_word' id='word_1_419' title='bbox 1121 3031 1215 3050; x_wconf 88' lang='lat' dir='ltr'>num.</span> <span class='ocrx_word' id='word_1_420' title='bbox 1249 3028 1281 3059; x_wconf 88' lang='lat'>7,</span> <span class='ocrx_word' id='word_1_421' title='bbox 1312 3031 1389 3061; x_wconf 83' lang='lat' dir='ltr'>pag.</span> <span class='ocrx_word' id='word_1_422' title='bbox 1421 3022 1504 3061; x_wconf 77' lang='lat'>398,</span> <span class='ocrx_word' id='word_1_423' title='bbox 1537 3028 1616 3052; x_wconf 84' lang='lat' dir='ltr'>nota</span> <span class='ocrx_word' id='word_1_424' title='bbox 1646 3030 1675 3053; x_wconf 87' lang='grc' dir='ltr'>Ι.</span> <span class='ocrx_word' id='word_1_425' title='bbox 1706 3022 1794 3052; x_wconf 91' lang='lat' dir='ltr'>Vedi</span> <span class='ocrx_word' id='word_1_426' title='bbox 1820 3032 1902 3063; x_wconf 85' lang='lat' dir='ltr'>pure</span> <span class='ocrx_word' id='word_1_427' title='bbox 1927 3022 1951 3052; x_wconf 89' lang='lat' dir='ltr'>il</span> <span class='ocrx_word' id='word_1_428' title='bbox 1978 3023 2061 3053; x_wconf 70' lang='lat' dir='ltr'>(jod.</span> <span class='ocrx_word' id='word_1_429' title='bbox 2086 3032 2155 3063; x_wconf 79' lang='lat'>502</span> 
     </span>
     <span class='ocr_line' id='line_1_44' title="bbox 439 3078 2153 3123; baseline 0.001 -12"><span class='ocrx_word' id='word_1_430' title='bbox 439 3079 608 3112; x_wconf 88' lang='lat' dir='ltr'>dell’Arte</span> <span class='ocrx_word' id='word_1_431' title='bbox 634 3078 721 3109; x_wconf 85' lang='lat' dir='ltr'>della</span> <span class='ocrx_word' id='word_1_432' title='bbox 744 3079 849 3116; x_wconf 86' lang='lat' dir='ltr'>Lana,</span> <span class='ocrx_word' id='word_1_433' title='bbox 879 3079 964 3109; x_wconf 88' lang='lat' dir='ltr'>dove</span> <span class='ocrx_word' id='word_1_434' title='bbox 991 3089 1074 3109; x_wconf 87' lang='lat' dir='ltr'>sono</span> <span class='ocrx_word' id='word_1_435' title='bbox 1100 3079 1222 3110; x_wconf 88' lang='lat' dir='ltr'>diversi</span> <span class='ocrx_word' id='word_1_436' title='bbox 1248 3080 1424 3110; x_wconf 83' lang='lat' dir='ltr'>inventarii</span> <span class='ocrx_word' id='word_1_437' title='bbox 1451 3081 1537 3111; x_wconf 80' lang='lat' dir='ltr'>della</span> <span class='ocrx_word' id='word_1_438' title='bbox 1564 3082 1676 3111; x_wconf 85' lang='lat' dir='ltr'>Verna</span> <span class='ocrx_word' id='word_1_439' title='bbox 1704 3081 1776 3111; x_wconf 82' lang='lat' dir='ltr'>fatti</span> <span class='ocrx_word' id='word_1_440' title='bbox 1809 3082 1843 3111; x_wconf 91' lang='lat' dir='ltr'>in</span> <span class='ocrx_word' id='word_1_441' title='bbox 1872 3087 1993 3121; x_wconf 86' lang='lat' dir='ltr'>questo</span> <span class='ocrx_word' id='word_1_442' title='bbox 2021 3088 2153 3123; x_wconf 40' lang='lat' dir='ltr'>tempo,</span> 
     </span>
    </p>
   </div>
  </div>
 </body>
</html>
