<?xml version="1.0" encoding="UTF-8"?>
<!DOCTYPE html PUBLIC "-//W3C//DTD XHTML 1.0 Transitional//EN"
    "http://www.w3.org/TR/xhtml1/DTD/xhtml1-transitional.dtd">
<html xmlns="http://www.w3.org/1999/xhtml" xml:lang="en" lang="en">
 <head>
  <title>
</title>
<meta http-equiv="Content-Type" content="text/html;charset=utf-8" />
  <meta name='ocr-system' content='tesseract 3.04.00' />
  <meta name='ocr-capabilities' content='ocr_page ocr_carea ocr_par ocr_line ocrx_word'/>
</head>
<body>
  <div class='ocr_page' id='page_1' title='image "./lavernacontribut00menc_0277.png"; bbox 0 0 2325 3552; ppageno 0'>
   <div class='ocr_carea' id='block_1_1' title="bbox 654 149 1877 216">
    <p class='ocr_par' dir='ltr' id='par_1_1' title="bbox 654 149 1877 216">
     <span class='ocr_line' id='line_1_1' title="bbox 654 149 1877 216; baseline -0.005 -6"><span class='ocrx_word' id='word_1_1' title='bbox 654 149 922 210; x_wconf 78' lang='lat' dir='ltr'>UBERTINO</span> <span class='ocrx_word' id='word_1_2' title='bbox 952 173 1026 208; x_wconf 87' lang='lat' dir='ltr'>DA</span> <span class='ocrx_word' id='word_1_3' title='bbox 1054 172 1260 216; x_wconf 77' lang='lat' dir='ltr'><strong>GASALE</strong></span> <span class='ocrx_word' id='word_1_4' title='bbox 1295 171 1402 207; x_wconf 75' lang='lat' dir='ltr'><strong>EGO.</strong></span> <span class='ocrx_word' id='word_1_5' title='bbox 1810 171 1877 205; x_wconf 73' lang='lat'>247</span> 
     </span>
    </p>
   </div>
   <div class='ocr_carea' id='block_1_2' title="bbox 181 236 1840 255">
    <p class='ocr_par' dir='ltr' id='par_1_2' title="bbox 181 236 1840 255">
     <span class='ocr_line' id='line_1_2' title="bbox 181 236 1840 255; baseline 0 0"><span class='ocrx_word' id='word_1_6' title='bbox 181 236 1840 255; x_wconf 95' lang='lat' dir='ltr'> </span> 
     </span>
    </p>
   </div>
   <div class='ocr_carea' id='block_1_3' title="bbox 134 322 1883 2977">
    <p class='ocr_par' dir='ltr' id='par_1_3' title="bbox 177 322 1879 440">
     <span class='ocr_line' id='line_1_3' title="bbox 179 322 1879 379; baseline -0.005 -11"><span class='ocrx_word' id='word_1_7' title='bbox 179 330 256 369; x_wconf 88' lang='lat' dir='ltr'>che</span> <span class='ocrx_word' id='word_1_8' title='bbox 290 329 499 368; x_wconf 86' lang='lat' dir='ltr'>Ubertino</span> <span class='ocrx_word' id='word_1_9' title='bbox 529 327 637 379; x_wconf 87' lang='lat' dir='ltr'>parli</span> <span class='ocrx_word' id='word_1_10' title='bbox 671 327 786 378; x_wconf 82' lang='lat' dir='ltr'>degli</span> <span class='ocrx_word' id='word_1_11' title='bbox 806 325 1018 377; x_wconf 71' lang='lat' dir='ltr'>spirituali</span> <span class='ocrx_word' id='word_1_12' title='bbox 1037 325 1081 362; x_wconf 92' lang='lat' dir='ltr'>in</span> <span class='ocrx_word' id='word_1_13' title='bbox 1101 336 1275 376; x_wconf 71' lang='lat' dir='ltr'>genere,</span> <span class='ocrx_word' id='word_1_14' title='bbox 1297 335 1366 361; x_wconf 90' lang='lat' dir='ltr'>ma</span> <span class='ocrx_word' id='word_1_15' title='bbox 1386 323 1457 361; x_wconf 90' lang='lat' dir='ltr'>nel</span> <span class='ocrx_word' id='word_1_16' title='bbox 1478 322 1730 361; x_wconf 81' lang='lat' dir='ltr'>descriverli</span> <span class='ocrx_word' id='word_1_17' title='bbox 1752 322 1879 360; x_wconf 82' lang='lat' dir='ltr'>abbia</span> 
     </span>
     <span class='ocr_line' id='line_1_4' title="bbox 177 378 1237 440; baseline -0.007 -7"><span class='ocrx_word' id='word_1_18' title='bbox 177 395 220 433; x_wconf 69' lang='lat' dir='ltr'>in</span> <span class='ocrx_word' id='word_1_19' title='bbox 249 396 394 432; x_wconf 74' lang='lat' dir='ltr'>mente</span> <span class='ocrx_word' id='word_1_20' title='bbox 424 393 438 431; x_wconf 83' lang='lat' dir='ltr'>i</span> <span class='ocrx_word' id='word_1_21' title='bbox 466 392 567 431; x_wconf 75' lang='lat' dir='ltr'>frati</span> <span class='ocrx_word' id='word_1_22' title='bbox 597 392 710 430; x_wconf 78' lang='lat' dir='ltr'>della</span> <span class='ocrx_word' id='word_1_23' title='bbox 740 391 922 429; x_wconf 77' lang='lat' dir='ltr'>Verna‘?</span> <span class='ocrx_word' id='word_1_24' title='bbox 953 378 987 428; x_wconf 72' lang='lat' dir='ltr'>E</span> <span class='ocrx_word' id='word_1_25' title='bbox 1017 389 1237 440; x_wconf 77' lang='lat' dir='ltr'>possibile.</span> 
     </span>
    </p>

    <p class='ocr_par' dir='ltr' id='par_1_4' title="bbox 175 451 1883 1028">
     <span class='ocr_line' id='line_1_5' title="bbox 311 451 1879 509; baseline -0.006 -11"><span class='ocrx_word' id='word_1_26' title='bbox 311 458 559 509; x_wconf 80' lang='lat' dir='ltr'>Soggiunge</span> <span class='ocrx_word' id='word_1_27' title='bbox 592 467 752 495; x_wconf 89' lang='lat' dir='ltr'>ancora</span> <span class='ocrx_word' id='word_1_28' title='bbox 781 455 993 494; x_wconf 88' lang='lat' dir='ltr'>Ubertino</span> <span class='ocrx_word' id='word_1_29' title='bbox 1013 468 1019 493; x_wconf 95' lang='lat'>:</span> <span class='ocrx_word' id='word_1_30' title='bbox 1054 470 1072 490; x_wconf 89' lang='lat'>«</span> <span class='ocrx_word' id='word_1_31' title='bbox 1092 454 1170 492; x_wconf 89' lang='lat' dir='ltr'>His</span> <span class='ocrx_word' id='word_1_32' title='bbox 1200 453 1338 492; x_wconf 88' lang='lat' dir='ltr'>modis</span> <span class='ocrx_word' id='word_1_33' title='bbox 1362 456 1428 491; x_wconf 88' lang='lat' dir='ltr'>est</span> <span class='ocrx_word' id='word_1_34' title='bbox 1450 452 1579 490; x_wconf 85' lang='lat' dir='ltr'>allata</span> <span class='ocrx_word' id='word_1_35' title='bbox 1599 454 1673 489; x_wconf 84' lang='lat' dir='ltr'>tua</span> <span class='ocrx_word' id='word_1_36' title='bbox 1695 451 1879 489; x_wconf 86' lang='lat' dir='ltr'>sanctis-</span> 
     </span>
     <span class='ocr_line' id='line_1_6' title="bbox 178 515 1879 573; baseline -0.006 -10"><span class='ocrx_word' id='word_1_37' title='bbox 178 524 286 563; x_wconf 85' lang='lat' dir='ltr'>sima</span> <span class='ocrx_word' id='word_1_38' title='bbox 316 526 358 561; x_wconf 89' lang='lat' dir='ltr'>et</span> <span class='ocrx_word' id='word_1_39' title='bbox 388 522 617 573; x_wconf 88' lang='lat' dir='ltr'>seraphica</span> <span class='ocrx_word' id='word_1_40' title='bbox 650 521 812 571; x_wconf 69' lang='lat' dir='ltr'>regula,</span> <span class='ocrx_word' id='word_1_41' title='bbox 835 532 964 571; x_wconf 88' lang='lat' dir='ltr'>quam</span> <span class='ocrx_word' id='word_1_42' title='bbox 984 520 1054 558; x_wconf 93' lang='lat' dir='ltr'>hic</span> <span class='ocrx_word' id='word_1_43' title='bbox 1074 518 1294 570; x_wconf 73' lang='lat' dir='ltr'>plantasti,</span> <span class='ocrx_word' id='word_1_44' title='bbox 1333 517 1526 556; x_wconf 75' lang='lat' dir='ltr'>fundasti</span> <span class='ocrx_word' id='word_1_45' title='bbox 1549 519 1591 555; x_wconf 86' lang='lat' dir='ltr'>et</span> <span class='ocrx_word' id='word_1_46' title='bbox 1613 515 1879 555; x_wconf 71' lang='lat' dir='ltr'>confirmasti</span> 
     </span>
     <span class='ocr_line' id='line_1_7' title="bbox 176 581 1879 633; baseline -0.005 -6"><span class='ocrx_word' id='word_1_47' title='bbox 176 589 220 627; x_wconf 91' lang='lat' dir='ltr'>in</span> <span class='ocrx_word' id='word_1_48' title='bbox 248 591 393 627; x_wconf 89' lang='lat' dir='ltr'>monte</span> <span class='ocrx_word' id='word_1_49' title='bbox 428 586 683 625; x_wconf 87' lang='lat' dir='ltr'>hereditatis</span> <span class='ocrx_word' id='word_1_50' title='bbox 703 589 776 624; x_wconf 87' lang='lat' dir='ltr'>tue</span> <span class='ocrx_word' id='word_1_51' title='bbox 801 588 843 624; x_wconf 92' lang='lat' dir='ltr'>et</span> <span class='ocrx_word' id='word_1_52' title='bbox 864 597 1013 624; x_wconf 87' lang='lat' dir='ltr'>omnes</span> <span class='ocrx_word' id='word_1_53' title='bbox 1036 584 1341 623; x_wconf 82' lang='lat' dir='ltr'>observatores</span> <span class='ocrx_word' id='word_1_54' title='bbox 1362 582 1468 621; x_wconf 90' lang='lat' dir='ltr'>facit</span> <span class='ocrx_word' id='word_1_55' title='bbox 1488 594 1563 633; x_wconf 81' lang='lat' dir='ltr'>pre</span> <span class='ocrx_word' id='word_1_56' title='bbox 1588 581 1681 620; x_wconf 87' lang='lat' dir='ltr'>aliis</span> <span class='ocrx_word' id='word_1_57' title='bbox 1704 584 1879 619; x_wconf 85' lang='lat' dir='ltr'>ornatos</span> 
     </span>
     <span class='ocr_line' id='line_1_8' title="bbox 178 647 1878 698; baseline -0.006 -6"><span class='ocrx_word' id='word_1_58' title='bbox 178 656 222 692; x_wconf 89' lang='lat' dir='ltr'>et</span> <span class='ocrx_word' id='word_1_59' title='bbox 235 652 578 695; x_wconf 88' lang='lat' dir='ltr'>multiformitate</span> <span class='ocrx_word' id='word_1_60' title='bbox 597 654 771 690; x_wconf 90' lang='lat' dir='ltr'>actuum</span> <span class='ocrx_word' id='word_1_61' title='bbox 792 650 1010 689; x_wconf 86' lang='lat' dir='ltr'>virtuosos</span> <span class='ocrx_word' id='word_1_62' title='bbox 1031 665 1063 688; x_wconf 91' lang='grc'>&gt;&gt;.</span> <span class='ocrx_word' id='word_1_63' title='bbox 1087 649 1125 687; x_wconf 89' lang='lat' dir='ltr'><strong>A</strong></span> <span class='ocrx_word' id='word_1_64' title='bbox 1147 662 1178 687; x_wconf 89' lang='lat' dir='ltr'>s.</span> <span class='ocrx_word' id='word_1_65' title='bbox 1201 648 1446 687; x_wconf 84' lang='lat' dir='ltr'>Francesco</span> <span class='ocrx_word' id='word_1_66' title='bbox 1469 647 1719 698; x_wconf 85' lang='lat' dir='ltr'>digiunante</span> <span class='ocrx_word' id='word_1_67' title='bbox 1739 658 1759 683; x_wconf 90' lang='lat' dir='ltr'>e</span> <span class='ocrx_word' id='word_1_68' title='bbox 1782 657 1878 696; x_wconf 86' lang='lat' dir='ltr'>pre-</span> 
     </span>
     <span class='ocr_line' id='line_1_9' title="bbox 176 710 1881 769; baseline -0.005 -12"><span class='ocrx_word' id='word_1_69' title='bbox 176 721 307 769; x_wconf 89' lang='lat' dir='ltr'>gante</span> <span class='ocrx_word' id='word_1_70' title='bbox 341 718 420 756; x_wconf 90' lang='lat' dir='ltr'>«in</span> <span class='ocrx_word' id='word_1_71' title='bbox 449 717 531 756; x_wconf 89' lang='lat' dir='ltr'>isto</span> <span class='ocrx_word' id='word_1_72' title='bbox 562 717 656 756; x_wconf 89' lang='lat' dir='ltr'>loco</span> <span class='ocrx_word' id='word_1_73' title='bbox 689 719 861 755; x_wconf 88' lang='lat' dir='ltr'>austero</span> <span class='ocrx_word' id='word_1_74' title='bbox 894 719 937 754; x_wconf 90' lang='lat' dir='ltr'>et</span> <span class='ocrx_word' id='word_1_75' title='bbox 967 714 1157 754; x_wconf 89' lang='lat' dir='ltr'>solitario</span> <span class='ocrx_word' id='word_1_76' title='bbox 1182 730 1199 749; x_wconf 91' lang='lat'>»</span> <span class='ocrx_word' id='word_1_77' title='bbox 1233 714 1269 753; x_wconf 90' lang='lat' dir='ltr'>si</span> <span class='ocrx_word' id='word_1_78' title='bbox 1291 713 1442 765; x_wconf 68' lang='lat' dir='ltr'>aplica,</span> <span class='ocrx_word' id='word_1_79' title='bbox 1475 712 1568 751; x_wconf 91' lang='lat' dir='ltr'>dice</span> <span class='ocrx_word' id='word_1_80' title='bbox 1605 711 1830 755; x_wconf 65' lang='lat' dir='ltr'>Ubertino,</span> <span class='ocrx_word' id='word_1_81' title='bbox 1852 710 1881 748; x_wconf 92' lang='lat' dir='ltr'>il</span> 
     </span>
     <span class='ocr_line' id='line_1_10' title="bbox 177 776 1883 828; baseline -0.005 -7"><span class='ocrx_word' id='word_1_82' title='bbox 177 783 295 822; x_wconf 84' lang='lat' dir='ltr'>detto</span> <span class='ocrx_word' id='word_1_83' title='bbox 318 782 432 821; x_wconf 80' lang='lat' dir='ltr'>della</span> <span class='ocrx_word' id='word_1_84' title='bbox 453 782 689 822; x_wconf 78' lang='lat' dir='ltr'>Scrittura:</span> <span class='ocrx_word' id='word_1_85' title='bbox 724 798 741 817; x_wconf 82' lang='lat'>«</span> <span class='ocrx_word' id='word_1_86' title='bbox 762 781 954 819; x_wconf 67' lang='lat' dir='ltr'>Faciam</span> <span class='ocrx_word' id='word_1_87' title='bbox 984 781 1120 818; x_wconf 76' lang='lat' dir='ltr'>illum</span> <span class='ocrx_word' id='word_1_88' title='bbox 1143 780 1400 817; x_wconf 72' lang='lat' dir='ltr'>columnam</span> <span class='ocrx_word' id='word_1_89' title='bbox 1422 779 1471 816; x_wconf 72' lang='lat' dir='ltr'>vin</span> <span class='ocrx_word' id='word_1_90' title='bbox 1493 778 1654 828; x_wconf 71' lang='lat' dir='ltr'>templo</span> <span class='ocrx_word' id='word_1_91' title='bbox 1675 776 1764 814; x_wconf 70' lang='lat' dir='ltr'>Dei</span> <span class='ocrx_word' id='word_1_92' title='bbox 1795 776 1883 813; x_wconf 73' lang='lat' dir='ltr'>mei</span> 
     </span>
     <span class='ocr_line' id='line_1_11' title="bbox 177 840 1880 898; baseline -0.005 -11"><span class='ocrx_word' id='word_1_93' title='bbox 177 851 220 887; x_wconf 92' lang='lat' dir='ltr'>et</span> <span class='ocrx_word' id='word_1_94' title='bbox 247 848 365 896; x_wconf 82' lang='lat' dir='ltr'>foras</span> <span class='ocrx_word' id='word_1_95' title='bbox 395 860 481 886; x_wconf 90' lang='grc'>000</span> <span class='ocrx_word' id='word_1_96' title='bbox 513 846 760 898; x_wconf 85' lang='lat' dir='ltr'>egredietur</span> <span class='ocrx_word' id='word_1_97' title='bbox 791 849 833 884; x_wconf 89' lang='lat' dir='ltr'>et</span> <span class='ocrx_word' id='word_1_98' title='bbox 863 845 1049 885; x_wconf 88' lang='lat' dir='ltr'>scribam</span> <span class='ocrx_word' id='word_1_99' title='bbox 1080 856 1211 895; x_wconf 87' lang='lat' dir='ltr'>super</span> <span class='ocrx_word' id='word_1_100' title='bbox 1239 844 1359 882; x_wconf 92' lang='lat' dir='ltr'>illum</span> <span class='ocrx_word' id='word_1_101' title='bbox 1379 855 1537 881; x_wconf 88' lang='lat' dir='ltr'>nomen</span> <span class='ocrx_word' id='word_1_102' title='bbox 1559 842 1640 880; x_wconf 94' lang='lat' dir='ltr'>Dei</span> <span class='ocrx_word' id='word_1_103' title='bbox 1660 841 1757 887; x_wconf 92' lang='grc'>0161,</span> <span class='ocrx_word' id='word_1_104' title='bbox 1780 840 1880 891; x_wconf 82' lang='lat' dir='ltr'>quia</span> 
     </span>
     <span class='ocr_line' id='line_1_12' title="bbox 176 906 1881 964; baseline -0.005 -13"><span class='ocrx_word' id='word_1_105' title='bbox 176 925 306 964; x_wconf 85' lang='lat' dir='ltr'>super</span> <span class='ocrx_word' id='word_1_106' title='bbox 333 912 626 951; x_wconf 79' lang='lat' dir='ltr'>firmissimam</span> <span class='ocrx_word' id='word_1_107' title='bbox 655 915 824 962; x_wconf 85' lang='lat' dir='ltr'>petram</span> <span class='ocrx_word' id='word_1_108' title='bbox 856 911 986 950; x_wconf 83' lang='lat' dir='ltr'>etiam</span> <span class='ocrx_word' id='word_1_109' title='bbox 1018 909 1072 948; x_wconf 91' lang='lat' dir='ltr'>ad</span> <span class='ocrx_word' id='word_1_110' title='bbox 1110 909 1299 948; x_wconf 74' lang='lat' dir='ltr'>litteram</span> <span class='ocrx_word' id='word_1_111' title='bbox 1328 909 1421 959; x_wconf 87' lang='lat' dir='ltr'>ipse</span> <span class='ocrx_word' id='word_1_112' title='bbox 1458 906 1718 946; x_wconf 82' lang='lat' dir='ltr'>Franciscus</span> <span class='ocrx_word' id='word_1_113' title='bbox 1767 917 1881 944; x_wconf 78' lang='lat' dir='ltr'>nova</span> 
     </span>
     <span class='ocr_line' id='line_1_13' title="bbox 175 971 1878 1028; baseline -0.005 -12"><span class='ocrx_word' id='word_1_114' title='bbox 175 977 324 1028; x_wconf 88' lang='lat' dir='ltr'>templi</span> <span class='ocrx_word' id='word_1_115' title='bbox 353 977 422 1015; x_wconf 91' lang='lat' dir='ltr'>dei</span> <span class='ocrx_word' id='word_1_116' title='bbox 452 977 650 1015; x_wconf 86' lang='lat' dir='ltr'>columna</span> <span class='ocrx_word' id='word_1_117' title='bbox 678 976 760 1014; x_wconf 88' lang='lat' dir='ltr'>fuit</span> <span class='ocrx_word' id='word_1_118' title='bbox 789 976 833 1013; x_wconf 93' lang='lat' dir='ltr'>in</span> <span class='ocrx_word' id='word_1_119' title='bbox 877 975 959 1014; x_wconf 89' lang='lat' dir='ltr'>isto</span> <span class='ocrx_word' id='word_1_120' title='bbox 1005 986 1128 1013; x_wconf 88' lang='lat' dir='ltr'>sacro</span> <span class='ocrx_word' id='word_1_121' title='bbox 1169 976 1313 1012; x_wconf 87' lang='lat' dir='ltr'>monte</span> <span class='ocrx_word' id='word_1_122' title='bbox 1347 972 1628 1024; x_wconf 66' lang='lat' dir='ltr'>corporaliter</span> <span class='ocrx_word' id='word_1_123' title='bbox 1658 971 1825 1022; x_wconf 85' lang='lat' dir='ltr'>positus</span> <span class='ocrx_word' id='word_1_124' title='bbox 1846 986 1878 1008; x_wconf 52' lang='lat'>2³.</span> 
     </span>
    </p>

    <p class='ocr_par' dir='ltr' id='par_1_5' title="bbox 171 1037 1880 2393">
     <span class='ocr_line' id='line_1_14' title="bbox 309 1037 1876 1093; baseline -0.004 -13"><span class='ocrx_word' id='word_1_125' title='bbox 309 1041 636 1093; x_wconf 72' lang='lat' dir='ltr'>Quindichiude</span> <span class='ocrx_word' id='word_1_126' title='bbox 659 1041 704 1091; x_wconf 91' lang='lat' dir='ltr'>(f.</span> <span class='ocrx_word' id='word_1_127' title='bbox 730 1040 803 1079; x_wconf 78' lang='lat'>122</span> <span class='ocrx_word' id='word_1_128' title='bbox 824 1042 881 1089; x_wconf 82' lang='lat' dir='ltr'>v.)</span> <span class='ocrx_word' id='word_1_129' title='bbox 903 1040 933 1078; x_wconf 88' lang='lat' dir='ltr'>il</span> <span class='ocrx_word' id='word_1_130' title='bbox 955 1040 1140 1091; x_wconf 86' lang='lat' dir='ltr'>capitolo</span> <span class='ocrx_word' id='word_1_131' title='bbox 1176 1039 1237 1077; x_wconf 84' lang='lat' dir='ltr'>IX</span> <span class='ocrx_word' id='word_1_132' title='bbox 1268 1051 1348 1078; x_wconf 86' lang='lat' dir='ltr'>con</span> <span class='ocrx_word' id='word_1_133' title='bbox 1380 1041 1532 1088; x_wconf 78' lang='lat' dir='ltr'>queste</span> <span class='ocrx_word' id='word_1_134' title='bbox 1568 1037 1714 1088; x_wconf 86' lang='lat' dir='ltr'>parole</span> <span class='ocrx_word' id='word_1_135' title='bbox 1751 1047 1876 1074; x_wconf 75' lang='lat' dir='ltr'>vera-</span> 
     </span>
     <span class='ocr_line' id='line_1_15' title="bbox 176 1101 1880 1158; baseline -0.004 -13"><span class='ocrx_word' id='word_1_136' title='bbox 176 1109 319 1145; x_wconf 86' lang='lat' dir='ltr'>mente</span> <span class='ocrx_word' id='word_1_137' title='bbox 349 1107 545 1158; x_wconf 86' lang='lat' dir='ltr'>ispirate:</span> <span class='ocrx_word' id='word_1_138' title='bbox 571 1122 588 1142; x_wconf 89' lang='lat'>«</span> <span class='ocrx_word' id='word_1_139' title='bbox 608 1106 729 1144; x_wconf 82' lang='lat' dir='ltr'>Felix</span> <span class='ocrx_word' id='word_1_140' title='bbox 750 1105 819 1144; x_wconf 89' lang='lat' dir='ltr'>hic</span> <span class='ocrx_word' id='word_1_141' title='bbox 840 1117 962 1144; x_wconf 90' lang='lat' dir='ltr'>mons</span> <span class='ocrx_word' id='word_1_142' title='bbox 985 1107 1162 1143; x_wconf 85' lang='lat' dir='ltr'>sanctus</span> <span class='ocrx_word' id='word_1_143' title='bbox 1181 1116 1308 1155; x_wconf 88' lang='lat' dir='ltr'>quem</span> <span class='ocrx_word' id='word_1_144' title='bbox 1329 1106 1450 1142; x_wconf 83' lang='lat' dir='ltr'>tanto</span> <span class='ocrx_word' id='word_1_145' title='bbox 1472 1101 1697 1154; x_wconf 85' lang='lat' dir='ltr'>privilegio</span> <span class='ocrx_word' id='word_1_146' title='bbox 1722 1101 1880 1139; x_wconf 85' lang='lat' dir='ltr'>altissi-</span> 
     </span>
     <span class='ocr_line' id='line_1_16' title="bbox 175 1167 1878 1222; baseline -0.004 -12"><span class='ocrx_word' id='word_1_147' title='bbox 175 1184 269 1211; x_wconf 90' lang='lat' dir='ltr'>mus</span> <span class='ocrx_word' id='word_1_148' title='bbox 289 1172 411 1211; x_wconf 89' lang='lat' dir='ltr'>Iesus</span> <span class='ocrx_word' id='word_1_149' title='bbox 434 1171 636 1222; x_wconf 87' lang='lat' dir='ltr'>dignatus</span> <span class='ocrx_word' id='word_1_150' title='bbox 659 1174 725 1209; x_wconf 91' lang='lat' dir='ltr'>est</span> <span class='ocrx_word' id='word_1_151' title='bbox 740 1170 961 1221; x_wconf 84' lang='lat' dir='ltr'>insignire,</span> <span class='ocrx_word' id='word_1_152' title='bbox 979 1182 1081 1209; x_wconf 80' lang='lat' dir='ltr'>vere</span> <span class='ocrx_word' id='word_1_153' title='bbox 1099 1181 1221 1208; x_wconf 88' lang='lat' dir='ltr'>mons</span> <span class='ocrx_word' id='word_1_154' title='bbox 1243 1169 1337 1217; x_wconf 79' lang='lat' dir='ltr'>Dei,</span> <span class='ocrx_word' id='word_1_155' title='bbox 1359 1180 1481 1206; x_wconf 87' lang='lat' dir='ltr'>mons</span> <span class='ocrx_word' id='word_1_156' title='bbox 1503 1167 1675 1219; x_wconf 83' lang='lat' dir='ltr'>pinguis</span> <span class='ocrx_word' id='word_1_157' title='bbox 1694 1170 1736 1204; x_wconf 88' lang='lat' dir='ltr'>et</span> <span class='ocrx_word' id='word_1_158' title='bbox 1756 1178 1878 1204; x_wconf 86' lang='lat' dir='ltr'>mons</span> 
     </span>
     <span class='ocr_line' id='line_1_17' title="bbox 174 1231 1878 1288; baseline -0.003 -14"><span class='ocrx_word' id='word_1_159' title='bbox 174 1237 329 1276; x_wconf 81' lang='lat' dir='ltr'>Libani</span> <span class='ocrx_word' id='word_1_160' title='bbox 348 1236 562 1288; x_wconf 85' lang='lat' dir='ltr'>puritatis,</span> <span class='ocrx_word' id='word_1_161' title='bbox 581 1248 703 1275; x_wconf 88' lang='grc'>1110115</span> <span class='ocrx_word' id='word_1_162' title='bbox 722 1235 839 1286; x_wconf 82' lang='lat' dir='ltr'>Syon</span> <span class='ocrx_word' id='word_1_163' title='bbox 858 1235 1168 1286; x_wconf 82' lang='lat' dir='ltr'>speculationis</span> <span class='ocrx_word' id='word_1_164' title='bbox 1187 1234 1429 1272; x_wconf 80' lang='lat' dir='ltr'>divinorum</span> <span class='ocrx_word' id='word_1_165' title='bbox 1448 1236 1490 1271; x_wconf 88' lang='lat' dir='ltr'>et</span> <span class='ocrx_word' id='word_1_166' title='bbox 1506 1245 1628 1271; x_wconf 90' lang='lat' dir='ltr'>mons</span> <span class='ocrx_word' id='word_1_167' title='bbox 1645 1231 1878 1283; x_wconf 84' lang='lat' dir='ltr'>perfectio—</span> 
     </span>
     <span class='ocr_line' id='line_1_18' title="bbox 175 1296 1879 1352; baseline -0.004 -12"><span class='ocrx_word' id='word_1_168' title='bbox 175 1302 241 1341; x_wconf 89' lang='grc'>1115</span> <span class='ocrx_word' id='word_1_169' title='bbox 262 1302 384 1352; x_wconf 76' lang='lat' dir='ltr'>legis,</span> <span class='ocrx_word' id='word_1_170' title='bbox 407 1302 531 1352; x_wconf 87' lang='lat' dir='ltr'>quasi</span> <span class='ocrx_word' id='word_1_171' title='bbox 553 1301 672 1341; x_wconf 81' lang='lat' dir='ltr'>Sinai</span> <span class='ocrx_word' id='word_1_172' title='bbox 692 1301 736 1339; x_wconf 94' lang='lat' dir='ltr'>in</span> <span class='ocrx_word' id='word_1_173' title='bbox 758 1313 840 1351; x_wconf 79' lang='lat' dir='ltr'>quo</span> <span class='ocrx_word' id='word_1_174' title='bbox 862 1312 949 1339; x_wconf 86' lang='lat' dir='ltr'>non</span> <span class='ocrx_word' id='word_1_175' title='bbox 968 1312 1129 1339; x_wconf 77' lang='lat' dir='ltr'>novum</span> <span class='ocrx_word' id='word_1_176' title='bbox 1146 1300 1202 1350; x_wconf 80' lang='lat'>(?)</span> <span class='ocrx_word' id='word_1_177' title='bbox 1224 1298 1474 1337; x_wconf 88' lang='lat' dir='ltr'>mandatum</span> <span class='ocrx_word' id='word_1_178' title='bbox 1505 1297 1769 1336; x_wconf 85' lang='lat' dir='ltr'>sufficientie</span> <span class='ocrx_word' id='word_1_179' title='bbox 1802 1296 1879 1334; x_wconf 82' lang='lat' dir='ltr'>sed</span> 
     </span>
     <span class='ocr_line' id='line_1_19' title="bbox 175 1362 1878 1418; baseline -0.004 -12"><span class='ocrx_word' id='word_1_180' title='bbox 175 1367 400 1406; x_wconf 87' lang='lat' dir='ltr'>consilium</span> <span class='ocrx_word' id='word_1_181' title='bbox 432 1366 830 1418; x_wconf 74' lang='lat' dir='ltr'>supererogationis</span> <span class='ocrx_word' id='word_1_182' title='bbox 860 1365 1057 1416; x_wconf 87' lang='lat' dir='ltr'>perfecte</span> <span class='ocrx_word' id='word_1_183' title='bbox 1078 1364 1263 1403; x_wconf 87' lang='lat' dir='ltr'>feliciori</span> <span class='ocrx_word' id='word_1_184' title='bbox 1300 1364 1400 1415; x_wconf 85' lang='lat' dir='ltr'>igne</span> <span class='ocrx_word' id='word_1_185' title='bbox 1422 1362 1670 1402; x_wconf 87' lang='lat' dir='ltr'>incenditur</span> <span class='ocrx_word' id='word_1_186' title='bbox 1706 1365 1748 1401; x_wconf 90' lang='lat' dir='ltr'>et</span> <span class='ocrx_word' id='word_1_187' title='bbox 1780 1373 1878 1399; x_wconf 87' lang='lat' dir='ltr'>san-</span> 
     </span>
     <span class='ocr_line' id='line_1_20' title="bbox 177 1427 1876 1480; baseline -0.004 -10"><span class='ocrx_word' id='word_1_188' title='bbox 177 1432 405 1471; x_wconf 89' lang='lat' dir='ltr'>ctificatur.</span> <span class='ocrx_word' id='word_1_189' title='bbox 436 1431 499 1470; x_wconf 88' lang='lat' dir='ltr'>Ibi</span> <span class='ocrx_word' id='word_1_190' title='bbox 530 1431 653 1470; x_wconf 86' lang='lat' dir='ltr'>ardet</span> <span class='ocrx_word' id='word_1_191' title='bbox 681 1431 814 1469; x_wconf 89' lang='lat' dir='ltr'>rubus</span> <span class='ocrx_word' id='word_1_192' title='bbox 846 1434 889 1469; x_wconf 87' lang='lat' dir='ltr'>et</span> <span class='ocrx_word' id='word_1_193' title='bbox 918 1443 1004 1469; x_wconf 88' lang='grc'>11011</span> <span class='ocrx_word' id='word_1_194' title='bbox 1035 1429 1299 1469; x_wconf 82' lang='lat' dir='ltr'>comburitur</span> <span class='ocrx_word' id='word_1_195' title='bbox 1330 1427 1651 1480; x_wconf 75' lang='grc'>511100,(1111010</span> <span class='ocrx_word' id='word_1_196' title='bbox 1681 1427 1752 1465; x_wconf 87' lang='lat' dir='ltr'>illa</span> <span class='ocrx_word' id='word_1_197' title='bbox 1781 1427 1876 1477; x_wconf 84' lang='lat' dir='ltr'>lege</span> 
     </span>
     <span class='ocr_line' id='line_1_21' title="bbox 178 1492 1880 1547; baseline -0.003 -13"><span class='ocrx_word' id='word_1_198' title='bbox 178 1496 301 1535; x_wconf 88' lang='lat' dir='ltr'>ardet</span> <span class='ocrx_word' id='word_1_199' title='bbox 331 1496 704 1547; x_wconf 78' lang='lat' dir='ltr'>concupiscientia</span> <span class='ocrx_word' id='word_1_200' title='bbox 734 1498 777 1534; x_wconf 78' lang='lat' dir='ltr'>et</span> <span class='ocrx_word' id='word_1_201' title='bbox 806 1508 892 1534; x_wconf 85' lang='lat' dir='ltr'>non</span> <span class='ocrx_word' id='word_1_202' title='bbox 921 1495 1200 1533; x_wconf 85' lang='lat' dir='ltr'>remittuntur</span> <span class='ocrx_word' id='word_1_203' title='bbox 1233 1498 1428 1545; x_wconf 84' lang='lat' dir='ltr'>peccata.</span> <span class='ocrx_word' id='word_1_204' title='bbox 1460 1493 1514 1531; x_wconf 82' lang='lat' dir='ltr'>Et</span> <span class='ocrx_word' id='word_1_205' title='bbox 1551 1493 1633 1531; x_wconf 88' lang='lat' dir='ltr'>hoc</span> <span class='ocrx_word' id='word_1_206' title='bbox 1667 1492 1880 1530; x_wconf 81' lang='lat' dir='ltr'>revelavit</span> 
     </span>
     <span class='ocr_line' id='line_1_22' title="bbox 176 1558 1879 1612; baseline -0.002 -13"><span class='ocrx_word' id='word_1_207' title='bbox 176 1562 384 1601; x_wconf 89' lang='lat' dir='ltr'>Dominus</span> <span class='ocrx_word' id='word_1_208' title='bbox 415 1561 566 1612; x_wconf 84' lang='lat' dir='ltr'>Moysi.</span> <span class='ocrx_word' id='word_1_209' title='bbox 597 1561 678 1600; x_wconf 89' lang='lat' dir='ltr'>Hic</span> <span class='ocrx_word' id='word_1_210' title='bbox 709 1561 831 1599; x_wconf 84' lang='lat' dir='ltr'>ardet</span> <span class='ocrx_word' id='word_1_211' title='bbox 862 1572 1076 1612; x_wconf 85' lang='lat' dir='ltr'>apparens</span> <span class='ocrx_word' id='word_1_212' title='bbox 1108 1560 1229 1599; x_wconf 87' lang='lat' dir='ltr'>Iesus</span> <span class='ocrx_word' id='word_1_213' title='bbox 1252 1563 1298 1605; x_wconf 62' lang='lat' dir='ltr'>et,</span> <span class='ocrx_word' id='word_1_214' title='bbox 1316 1559 1529 1599; x_wconf 80' lang='lat' dir='ltr'>consumit</span> <span class='ocrx_word' id='word_1_215' title='bbox 1551 1558 1879 1609; x_wconf 84' lang='lat' dir='ltr'>concupiscien-</span> 
     </span>
     <span class='ocr_line' id='line_1_23' title="bbox 174 1623 1878 1678; baseline -0.002 -13"><span class='ocrx_word' id='word_1_216' title='bbox 174 1627 278 1666; x_wconf 90' lang='lat' dir='ltr'>tiam</span> <span class='ocrx_word' id='word_1_217' title='bbox 308 1630 351 1665; x_wconf 86' lang='lat' dir='ltr'>et</span> <span class='ocrx_word' id='word_1_218' title='bbox 379 1626 583 1678; x_wconf 84' lang='lat' dir='ltr'>purgavit</span> <span class='ocrx_word' id='word_1_219' title='bbox 613 1630 750 1665; x_wconf 90' lang='lat' dir='ltr'>omnis</span> <span class='ocrx_word' id='word_1_220' title='bbox 779 1626 951 1677; x_wconf 86' lang='lat' dir='ltr'>peccati</span> <span class='ocrx_word' id='word_1_221' title='bbox 981 1625 1163 1664; x_wconf 87' lang='lat' dir='ltr'>scoriam</span> <span class='ocrx_word' id='word_1_222' title='bbox 1195 1625 1236 1663; x_wconf 91' lang='lat' dir='ltr'>in</span> <span class='ocrx_word' id='word_1_223' title='bbox 1268 1624 1501 1663; x_wconf 82' lang='lat' dir='ltr'>Francisco</span> <span class='ocrx_word' id='word_1_224' title='bbox 1534 1628 1576 1662; x_wconf 84' lang='lat' dir='ltr'>et</span> <span class='ocrx_word' id='word_1_225' title='bbox 1596 1623 1789 1662; x_wconf 79' lang='lat' dir='ltr'>incendit</span> <span class='ocrx_word' id='word_1_226' title='bbox 1810 1635 1878 1661; x_wconf 92' lang='lat' dir='ltr'>se-</span> 
     </span>
     <span class='ocr_line' id='line_1_24' title="bbox 174 1688 1878 1743; baseline -0.001 -13"><span class='ocrx_word' id='word_1_227' title='bbox 174 1692 394 1743; x_wconf 87' lang='lat' dir='ltr'>raphicam</span> <span class='ocrx_word' id='word_1_228' title='bbox 424 1692 630 1742; x_wconf 73' lang='lat' dir='ltr'>regulam,</span> <span class='ocrx_word' id='word_1_229' title='bbox 660 1694 856 1742; x_wconf 88' lang='lat' dir='ltr'>paratam</span> <span class='ocrx_word' id='word_1_230' title='bbox 887 1690 941 1729; x_wconf 87' lang='lat' dir='ltr'>ad</span> <span class='ocrx_word' id='word_1_231' title='bbox 961 1690 1244 1742; x_wconf 82' lang='lat' dir='ltr'>perfectionis</span> <span class='ocrx_word' id='word_1_232' title='bbox 1276 1690 1474 1728; x_wconf 81' lang='lat' dir='ltr'>semitam</span> <span class='ocrx_word' id='word_1_233' title='bbox 1504 1689 1582 1728; x_wconf 88' lang='lat' dir='ltr'>toti</span> <span class='ocrx_word' id='word_1_234' title='bbox 1604 1688 1775 1727; x_wconf 89' lang='lat' dir='ltr'>mundo.</span> <span class='ocrx_word' id='word_1_235' title='bbox 1798 1688 1878 1728; x_wconf 88' lang='lat' dir='ltr'>Hic</span> 
     </span>
     <span class='ocr_line' id='line_1_25' title="bbox 175 1753 1878 1808; baseline -0.002 -13"><span class='ocrx_word' id='word_1_236' title='bbox 175 1761 242 1796; x_wconf 90' lang='lat' dir='ltr'>est</span> <span class='ocrx_word' id='word_1_237' title='bbox 269 1769 392 1796; x_wconf 87' lang='lat' dir='ltr'>mons</span> <span class='ocrx_word' id='word_1_238' title='bbox 422 1757 572 1808; x_wconf 89' lang='lat' dir='ltr'>templi</span> <span class='ocrx_word' id='word_1_239' title='bbox 600 1757 695 1804; x_wconf 74' lang='lat' dir='ltr'>Dei,</span> <span class='ocrx_word' id='word_1_240' title='bbox 726 1768 848 1795; x_wconf 89' lang='lat' dir='ltr'>mons</span> <span class='ocrx_word' id='word_1_241' title='bbox 870 1756 1018 1803; x_wconf 72' lang='lat' dir='ltr'>Moria,</span> <span class='ocrx_word' id='word_1_242' title='bbox 1048 1756 1091 1794; x_wconf 90' lang='lat' dir='ltr'>in</span> <span class='ocrx_word' id='word_1_243' title='bbox 1123 1768 1205 1806; x_wconf 84' lang='lat' dir='ltr'>quo</span> <span class='ocrx_word' id='word_1_244' title='bbox 1236 1755 1447 1806; x_wconf 87' lang='lat' dir='ltr'>pacificus</span> <span class='ocrx_word' id='word_1_245' title='bbox 1478 1758 1628 1793; x_wconf 83' lang='lat' dir='ltr'>noster</span> <span class='ocrx_word' id='word_1_246' title='bbox 1647 1766 1777 1792; x_wconf 81' lang='lat' dir='ltr'>verus</span> <span class='ocrx_word' id='word_1_247' title='bbox 1801 1753 1878 1793; x_wconf 79' lang='lat' dir='ltr'>Sa-</span> 
     </span>
     <span class='ocr_line' id='line_1_26' title="bbox 171 1819 1877 1872; baseline -0.003 -11"><span class='ocrx_word' id='word_1_248' title='bbox 171 1823 315 1861; x_wconf 90' lang='lat' dir='ltr'>lomon</span> <span class='ocrx_word' id='word_1_249' title='bbox 344 1822 466 1861; x_wconf 87' lang='lat' dir='ltr'>Iesus</span> <span class='ocrx_word' id='word_1_250' title='bbox 499 1821 707 1872; x_wconf 86' lang='lat' dir='ltr'>templum</span> <span class='ocrx_word' id='word_1_251' title='bbox 739 1821 916 1859; x_wconf 76' lang='lat' dir='ltr'>edificat</span> <span class='ocrx_word' id='word_1_252' title='bbox 958 1833 1044 1859; x_wconf 90' lang='grc'>11011</span> <span class='ocrx_word' id='word_1_253' title='bbox 1080 1820 1131 1859; x_wconf 89' lang='lat' dir='ltr'>de</span> <span class='ocrx_word' id='word_1_254' title='bbox 1176 1820 1393 1871; x_wconf 76' lang='lat' dir='ltr'>lapidibus</span> <span class='ocrx_word' id='word_1_255' title='bbox 1438 1820 1552 1857; x_wconf 84' lang='lat' dir='ltr'>ferro</span> <span class='ocrx_word' id='word_1_256' title='bbox 1589 1819 1810 1870; x_wconf 84' lang='lat' dir='ltr'>quadratis</span> <span class='ocrx_word' id='word_1_257' title='bbox 1835 1822 1877 1857; x_wconf 86' lang='lat' dir='ltr'>et</span> 
     </span>
     <span class='ocr_line' id='line_1_27' title="bbox 171 1884 1876 1938; baseline -0.002 -13"><span class='ocrx_word' id='word_1_258' title='bbox 171 1887 328 1938; x_wconf 73' lang='lat' dir='ltr'>politis,</span> <span class='ocrx_word' id='word_1_259' title='bbox 359 1886 437 1925; x_wconf 87' lang='lat' dir='ltr'>sed</span> <span class='ocrx_word' id='word_1_260' title='bbox 466 1887 548 1924; x_wconf 88' lang='lat' dir='ltr'>Dei</span> <span class='ocrx_word' id='word_1_261' title='bbox 578 1886 736 1926; x_wconf 85' lang='lat' dir='ltr'>Christi</span> <span class='ocrx_word' id='word_1_262' title='bbox 767 1886 913 1934; x_wconf 51' lang='lat' dir='ltr'>clavis&gt;</span> <span class='ocrx_word' id='word_1_263' title='bbox 943 1886 1098 1924; x_wconf 85' lang='lat' dir='ltr'>lancea</span> <span class='ocrx_word' id='word_1_264' title='bbox 1129 1889 1171 1924; x_wconf 88' lang='lat' dir='ltr'>et</span> <span class='ocrx_word' id='word_1_265' title='bbox 1202 1885 1337 1937; x_wconf 84' lang='lat' dir='ltr'>spinis</span> <span class='ocrx_word' id='word_1_266' title='bbox 1373 1884 1594 1935; x_wconf 84' lang='lat' dir='ltr'>quadratis</span> <span class='ocrx_word' id='word_1_267' title='bbox 1619 1887 1661 1922; x_wconf 91' lang='lat' dir='ltr'>et</span> <span class='ocrx_word' id='word_1_268' title='bbox 1696 1885 1876 1936; x_wconf 85' lang='lat' dir='ltr'>sculptis</span> 
     </span>
     <span class='ocr_line' id='line_1_28' title="bbox 171 1950 1875 2003; baseline -0.001 -13"><span class='ocrx_word' id='word_1_269' title='bbox 171 1952 215 1990; x_wconf 90' lang='lat' dir='ltr'>in</span> <span class='ocrx_word' id='word_1_270' title='bbox 243 1952 347 1991; x_wconf 83' lang='lat' dir='ltr'>viris</span> <span class='ocrx_word' id='word_1_271' title='bbox 376 1952 569 2003; x_wconf 82' lang='lat' dir='ltr'>plenarie</span> <span class='ocrx_word' id='word_1_272' title='bbox 600 1951 759 1990; x_wconf 90' lang='lat' dir='ltr'>mundo</span> <span class='ocrx_word' id='word_1_273' title='bbox 792 1951 1012 1990; x_wconf 75' lang='lat' dir='ltr'>crucifixis</span> <span class='ocrx_word' id='word_1_274' title='bbox 1044 1954 1087 1989; x_wconf 89' lang='lat' dir='ltr'>et</span> <span class='ocrx_word' id='word_1_275' title='bbox 1115 1963 1193 2002; x_wconf 87' lang='lat' dir='ltr'>per</span> <span class='ocrx_word' id='word_1_276' title='bbox 1223 1951 1426 2001; x_wconf 85' lang='lat' dir='ltr'>abyssum</span> <span class='ocrx_word' id='word_1_277' title='bbox 1456 1950 1684 1988; x_wconf 86' lang='lat' dir='ltr'>nihilitatis</span> <span class='ocrx_word' id='word_1_278' title='bbox 1704 1950 1875 2001; x_wconf 86' lang='lat' dir='ltr'>proprie</span> 
     </span>
     <span class='ocr_line' id='line_1_29' title="bbox 173 2015 1876 2068; baseline -0.001 -13"><span class='ocrx_word' id='word_1_279' title='bbox 173 2029 303 2068; x_wconf 85' lang='lat' dir='ltr'>super</span> <span class='ocrx_word' id='word_1_280' title='bbox 344 2016 560 2055; x_wconf 87' lang='lat' dir='ltr'>immobile</span> <span class='ocrx_word' id='word_1_281' title='bbox 608 2016 939 2054; x_wconf 87' lang='lat' dir='ltr'>fundamentum</span> <span class='ocrx_word' id='word_1_282' title='bbox 985 2015 1203 2067; x_wconf 87' lang='lat' dir='ltr'>passionis</span> <span class='ocrx_word' id='word_1_283' title='bbox 1235 2028 1310 2055; x_wconf 91' lang='lat' dir='ltr'>sue</span> <span class='ocrx_word' id='word_1_284' title='bbox 1350 2015 1543 2054; x_wconf 85' lang='lat' dir='ltr'>fundatis</span> <span class='ocrx_word' id='word_1_285' title='bbox 1593 2018 1635 2053; x_wconf 88' lang='lat' dir='ltr'>et</span> <span class='ocrx_word' id='word_1_286' title='bbox 1679 2018 1876 2054; x_wconf 87' lang='lat' dir='ltr'>cemento</span> 
     </span>
     <span class='ocr_line' id='line_1_30' title="bbox 173 2079 1875 2133; baseline -0.001 -13"><span class='ocrx_word' id='word_1_287' title='bbox 173 2082 365 2121; x_wconf 87' lang='lat' dir='ltr'>caritatis</span> <span class='ocrx_word' id='word_1_288' title='bbox 396 2081 622 2133; x_wconf 89' lang='lat' dir='ltr'>seraphice</span> <span class='ocrx_word' id='word_1_289' title='bbox 652 2080 975 2120; x_wconf 85' lang='lat' dir='ltr'>indivisibiliter</span> <span class='ocrx_word' id='word_1_290' title='bbox 1015 2081 1270 2119; x_wconf 88' lang='lat' dir='ltr'>coniunctis.</span> <span class='ocrx_word' id='word_1_291' title='bbox 1314 2080 1429 2118; x_wconf 89' lang='lat' dir='ltr'>Vere</span> <span class='ocrx_word' id='word_1_292' title='bbox 1478 2079 1706 2119; x_wconf 77' lang='lat' dir='ltr'>vocabitur</span> <span class='ocrx_word' id='word_1_293' title='bbox 1754 2093 1875 2119; x_wconf 87' lang='lat' dir='ltr'>mons</span> 
     </span>
     <span class='ocr_line' id='line_1_31' title="bbox 171 2145 1878 2198; baseline -0.001 -13"><span class='ocrx_word' id='word_1_294' title='bbox 171 2147 253 2186; x_wconf 90' lang='lat' dir='ltr'>iste</span> <span class='ocrx_word' id='word_1_295' title='bbox 284 2159 406 2186; x_wconf 89' lang='lat' dir='ltr'>mons</span> <span class='ocrx_word' id='word_1_296' title='bbox 435 2146 585 2198; x_wconf 91' lang='lat' dir='ltr'>templi</span> <span class='ocrx_word' id='word_1_297' title='bbox 613 2146 797 2193; x_wconf 77' lang='lat' dir='ltr'>Domini,</span> <span class='ocrx_word' id='word_1_298' title='bbox 828 2158 950 2185; x_wconf 89' lang='lat' dir='ltr'>mons</span> <span class='ocrx_word' id='word_1_299' title='bbox 981 2146 1296 2193; x_wconf 84' lang='lat' dir='ltr'>sanctificatus,</span> <span class='ocrx_word' id='word_1_300' title='bbox 1329 2148 1371 2183; x_wconf 89' lang='lat' dir='ltr'>et</span> <span class='ocrx_word' id='word_1_301' title='bbox 1400 2145 1602 2184; x_wconf 87' lang='lat' dir='ltr'>terribilis</span> <span class='ocrx_word' id='word_1_302' title='bbox 1652 2145 1878 2197; x_wconf 83' lang='lat' dir='ltr'>apparebit</span> 
     </span>
     <span class='ocr_line' id='line_1_32' title="bbox 171 2210 1875 2263; baseline -0.001 -12"><span class='ocrx_word' id='word_1_303' title='bbox 171 2213 290 2251; x_wconf 91' lang='lat' dir='ltr'>locus</span> <span class='ocrx_word' id='word_1_304' title='bbox 321 2212 402 2250; x_wconf 91' lang='lat' dir='ltr'>iste</span> <span class='ocrx_word' id='word_1_305' title='bbox 435 2211 690 2250; x_wconf 87' lang='lat' dir='ltr'>demonibus</span> <span class='ocrx_word' id='word_1_306' title='bbox 723 2215 765 2250; x_wconf 90' lang='lat' dir='ltr'>et</span> <span class='ocrx_word' id='word_1_307' title='bbox 795 2224 873 2263; x_wconf 90' lang='lat' dir='ltr'>per</span> <span class='ocrx_word' id='word_1_308' title='bbox 903 2212 1121 2260; x_wconf 86' lang='lat' dir='ltr'>carnalem</span> <span class='ocrx_word' id='word_1_309' title='bbox 1152 2223 1328 2250; x_wconf 86' lang='grc'>56051110</span> <span class='ocrx_word' id='word_1_310' title='bbox 1348 2210 1721 2262; x_wconf 85' lang='lat' dir='ltr'>impugnatoribus</span> <span class='ocrx_word' id='word_1_311' title='bbox 1745 2223 1875 2249; x_wconf 76' lang='lat' dir='ltr'>evan-</span> 
     </span>
     <span class='ocr_line' id='line_1_33' title="bbox 171 2276 1875 2328; baseline -0.001 -12"><span class='ocrx_word' id='word_1_312' title='bbox 171 2277 300 2328; x_wconf 89' lang='lat' dir='ltr'>gelici</span> <span class='ocrx_word' id='word_1_313' title='bbox 343 2279 508 2321; x_wconf 79' lang='lat' dir='ltr'>status;</span> <span class='ocrx_word' id='word_1_314' title='bbox 557 2276 672 2315; x_wconf 81' lang='lat' dir='ltr'>veris</span> <span class='ocrx_word' id='word_1_315' title='bbox 720 2289 823 2315; x_wconf 87' lang='lat' dir='ltr'>vero</span> <span class='ocrx_word' id='word_1_316' title='bbox 872 2276 1160 2315; x_wconf 87' lang='lat' dir='ltr'>imitatoribus</span> <span class='ocrx_word' id='word_1_317' title='bbox 1197 2276 1404 2317; x_wconf 77' lang='lat' dir='ltr'>crucifixi,</span> <span class='ocrx_word' id='word_1_318' title='bbox 1456 2279 1498 2314; x_wconf 90' lang='lat' dir='ltr'>et</span> <span class='ocrx_word' id='word_1_319' title='bbox 1547 2277 1875 2316; x_wconf 84' lang='lat' dir='ltr'>successoribus</span> 
     </span>
     <span class='ocr_line' id='line_1_34' title="bbox 171 2341 1876 2393; baseline 0 -13"><span class='ocrx_word' id='word_1_320' title='bbox 171 2341 393 2381; x_wconf 79' lang='lat' dir='ltr'>Francisci</span> <span class='ocrx_word' id='word_1_321' title='bbox 435 2354 607 2393; x_wconf 89' lang='lat' dir='ltr'>semper</span> <span class='ocrx_word' id='word_1_322' title='bbox 637 2341 864 2393; x_wconf 88' lang='lat' dir='ltr'>apparebit</span> <span class='ocrx_word' id='word_1_323' title='bbox 893 2342 1012 2380; x_wconf 91' lang='lat' dir='ltr'>Deus</span> <span class='ocrx_word' id='word_1_324' title='bbox 1044 2342 1143 2391; x_wconf 79' lang='lat' dir='ltr'>(sic)</span> <span class='ocrx_word' id='word_1_325' title='bbox 1175 2353 1272 2381; x_wconf 90' lang='lat' dir='ltr'>esse</span> <span class='ocrx_word' id='word_1_326' title='bbox 1304 2353 1452 2380; x_wconf 89' lang='lat' dir='ltr'>secum</span> <span class='ocrx_word' id='word_1_327' title='bbox 1482 2341 1525 2379; x_wconf 92' lang='lat' dir='ltr'>in</span> <span class='ocrx_word' id='word_1_328' title='bbox 1563 2341 1657 2380; x_wconf 91' lang='lat' dir='ltr'>loco</span> <span class='ocrx_word' id='word_1_329' title='bbox 1706 2342 1788 2380; x_wconf 88' lang='lat' dir='ltr'>isto</span> <span class='ocrx_word' id='word_1_330' title='bbox 1834 2346 1876 2380; x_wconf 91' lang='lat' dir='ltr'>et</span> 
     </span>
    </p>

    <p class='ocr_par' dir='ltr' id='par_1_6' title="bbox 134 2407 1873 2642">
     <span class='ocr_line' id='line_1_35' title="bbox 170 2407 1613 2458; baseline 0 -13"><span class='ocrx_word' id='word_1_331' title='bbox 170 2408 214 2445; x_wconf 89' lang='lat' dir='ltr'>in</span> <span class='ocrx_word' id='word_1_332' title='bbox 242 2407 309 2446; x_wconf 89' lang='lat' dir='ltr'>his</span> <span class='ocrx_word' id='word_1_333' title='bbox 341 2419 422 2458; x_wconf 90' lang='lat' dir='ltr'>que</span> <span class='ocrx_word' id='word_1_334' title='bbox 453 2407 522 2446; x_wconf 93' lang='lat' dir='ltr'>hic</span> <span class='ocrx_word' id='word_1_335' title='bbox 551 2407 670 2445; x_wconf 87' lang='lat' dir='ltr'>facta</span> <span class='ocrx_word' id='word_1_336' title='bbox 700 2410 800 2445; x_wconf 87' lang='lat' dir='ltr'>sunt</span> <span class='ocrx_word' id='word_1_337' title='bbox 830 2407 910 2446; x_wconf 89' lang='lat' dir='ltr'>erit</span> <span class='ocrx_word' id='word_1_338' title='bbox 940 2407 1091 2446; x_wconf 88' lang='lat' dir='ltr'>domus</span> <span class='ocrx_word' id='word_1_339' title='bbox 1113 2407 1193 2445; x_wconf 91' lang='lat' dir='ltr'>Dei</span> <span class='ocrx_word' id='word_1_340' title='bbox 1226 2410 1268 2445; x_wconf 89' lang='lat' dir='ltr'>et</span> <span class='ocrx_word' id='word_1_341' title='bbox 1296 2409 1422 2458; x_wconf 85' lang='lat' dir='ltr'>porta</span> <span class='ocrx_word' id='word_1_342' title='bbox 1452 2407 1613 2445; x_wconf 68' lang='grc'>00611».</span> 
     </span>
     <span class='ocr_line' id='line_1_36' title="bbox 134 2471 1872 2523; baseline 0.001 -13"><span class='ocrx_word' id='word_1_343' title='bbox 134 2472 137 2473; x_wconf 48' lang='lat'><em>⁷</em></span> <span class='ocrx_word' id='word_1_344' title='bbox 304 2472 361 2510; x_wconf 92' lang='lat' dir='ltr'>Al</span> <span class='ocrx_word' id='word_1_345' title='bbox 386 2472 414 2510; x_wconf 89' lang='lat' dir='ltr'>f.</span> <span class='ocrx_word' id='word_1_346' title='bbox 445 2471 523 2510; x_wconf 80' lang='lat'>234</span> <span class='ocrx_word' id='word_1_347' title='bbox 551 2472 634 2511; x_wconf 86' lang='lat' dir='ltr'>vab</span> <span class='ocrx_word' id='word_1_348' title='bbox 678 2472 963 2511; x_wconf 87' lang='lat' dir='ltr'>incontriamo</span> <span class='ocrx_word' id='word_1_349' title='bbox 1011 2484 1171 2511; x_wconf 87' lang='lat' dir='ltr'>ancora</span> <span class='ocrx_word' id='word_1_350' title='bbox 1213 2472 1398 2510; x_wconf 85' lang='lat' dir='ltr'>un&#39;altra</span> <span class='ocrx_word' id='word_1_351' title='bbox 1440 2471 1556 2510; x_wconf 86' lang='lat' dir='ltr'>bella</span> <span class='ocrx_word' id='word_1_352' title='bbox 1584 2472 1756 2523; x_wconf 72' lang='lat' dir='ltr'>pagina,</span> <span class='ocrx_word' id='word_1_353' title='bbox 1793 2485 1872 2511; x_wconf 76' lang='lat' dir='ltr'>ove</span> 
     </span>
     <span class='ocr_line' id='line_1_37' title="bbox 172 2536 1873 2591; baseline 0.001 -17"><span class='ocrx_word' id='word_1_354' title='bbox 172 2536 208 2575; x_wconf 90' lang='lat' dir='ltr'>si</span> <span class='ocrx_word' id='word_1_355' title='bbox 236 2536 282 2575; x_wconf 88' lang='lat' dir='ltr'>fa</span> <span class='ocrx_word' id='word_1_356' title='bbox 311 2536 520 2576; x_wconf 90' lang='lat' dir='ltr'>allusione</span> <span class='ocrx_word' id='word_1_357' title='bbox 552 2537 592 2575; x_wconf 90' lang='grc'>01</span> <span class='ocrx_word' id='word_1_358' title='bbox 622 2540 746 2575; x_wconf 88' lang='lat' dir='ltr'>santo</span> <span class='ocrx_word' id='word_1_359' title='bbox 777 2539 922 2575; x_wconf 90' lang='lat' dir='ltr'>monte</span> <span class='ocrx_word' id='word_1_360' title='bbox 954 2549 1074 2575; x_wconf 90' lang='lat' dir='ltr'>come</span> <span class='ocrx_word' id='word_1_361' title='bbox 1106 2537 1264 2588; x_wconf 90' lang='lat' dir='ltr'>tempio</span> <span class='ocrx_word' id='word_1_362' title='bbox 1286 2536 1329 2574; x_wconf 91' lang='lat' dir='ltr'>in</span> <span class='ocrx_word' id='word_1_363' title='bbox 1365 2536 1433 2575; x_wconf 90' lang='lat' dir='ltr'>cui</span> <span class='ocrx_word' id='word_1_364' title='bbox 1456 2536 1582 2575; x_wconf 89' lang='lat' dir='ltr'>viene</span> <span class='ocrx_word' id='word_1_365' title='bbox 1614 2537 1873 2591; x_wconf 83' lang='lat' dir='ltr'>inaugurato</span> 
     </span>
     <span class='ocr_line' id='line_1_38' title="bbox 170 2601 1872 2642; baseline 0.002 -3"><span class='ocrx_word' id='word_1_366' title='bbox 170 2601 200 2639; x_wconf 93' lang='lat' dir='ltr'>il</span> <span class='ocrx_word' id='word_1_367' title='bbox 228 2604 347 2640; x_wconf 88' lang='lat' dir='ltr'>terzo</span> <span class='ocrx_word' id='word_1_368' title='bbox 379 2604 491 2640; x_wconf 90' lang='lat' dir='ltr'>stato</span> <span class='ocrx_word' id='word_1_369' title='bbox 523 2601 592 2640; x_wconf 90' lang='lat' dir='ltr'>del</span> <span class='ocrx_word' id='word_1_370' title='bbox 620 2601 777 2640; x_wconf 87' lang='lat' dir='ltr'>mondo</span> <span class='ocrx_word' id='word_1_371' title='bbox 810 2614 831 2640; x_wconf 91' lang='lat' dir='ltr'>e</span> <span class='ocrx_word' id='word_1_372' title='bbox 863 2614 888 2640; x_wconf 91' lang='lat' dir='ltr'>a</span> <span class='ocrx_word' id='word_1_373' title='bbox 918 2601 959 2642; x_wconf 80' lang='lat' dir='ltr'>S.</span> <span class='ocrx_word' id='word_1_374' title='bbox 981 2602 1226 2641; x_wconf 84' lang='lat' dir='ltr'>Francesco</span> <span class='ocrx_word' id='word_1_375' title='bbox 1257 2601 1485 2641; x_wconf 86' lang='lat' dir='ltr'>fondatore</span> <span class='ocrx_word' id='word_1_376' title='bbox 1518 2602 1586 2641; x_wconf 92' lang='lat' dir='ltr'>del</span> <span class='ocrx_word' id='word_1_377' title='bbox 1616 2602 1872 2642; x_wconf 86' lang='lat' dir='ltr'>medesimo:</span> 
     </span>
    </p>

    <p class='ocr_par' dir='ltr' id='par_1_7' title="bbox 169 2666 1873 2977">
     <span class='ocr_line' id='line_1_39' title="bbox 306 2666 1870 2719; baseline 0.003 -16"><span class='ocrx_word' id='word_1_378' title='bbox 306 2682 324 2702; x_wconf 90' lang='lat'>«</span> <span class='ocrx_word' id='word_1_379' title='bbox 340 2666 433 2705; x_wconf 90' lang='lat' dir='ltr'>Hec</span> <span class='ocrx_word' id='word_1_380' title='bbox 449 2678 533 2705; x_wconf 74' lang='lat' dir='ltr'>vox</span> <span class='ocrx_word' id='word_1_381' title='bbox 550 2667 630 2705; x_wconf 86' lang='lat' dir='ltr'>erit</span> <span class='ocrx_word' id='word_1_382' title='bbox 646 2667 792 2706; x_wconf 77' lang='lat' dir='ltr'>suavis</span> <span class='ocrx_word' id='word_1_383' title='bbox 815 2670 858 2705; x_wconf 89' lang='lat' dir='ltr'>et</span> <span class='ocrx_word' id='word_1_384' title='bbox 874 2667 1063 2716; x_wconf 86' lang='lat' dir='ltr'>jocunda</span> <span class='ocrx_word' id='word_1_385' title='bbox 1081 2670 1123 2705; x_wconf 92' lang='lat' dir='ltr'>et</span> <span class='ocrx_word' id='word_1_386' title='bbox 1145 2666 1383 2705; x_wconf 87' lang='lat' dir='ltr'>secundum</span> <span class='ocrx_word' id='word_1_387' title='bbox 1404 2667 1677 2706; x_wconf 86' lang='lat' dir='ltr'>discretionis</span> <span class='ocrx_word' id='word_1_388' title='bbox 1699 2669 1870 2719; x_wconf 88' lang='lat' dir='ltr'>regulas</span> 
     </span>
     <span class='ocr_line' id='line_1_40' title="bbox 169 2730 1871 2784; baseline 0.002 -15"><span class='ocrx_word' id='word_1_389' title='bbox 169 2731 213 2769; x_wconf 92' lang='lat' dir='ltr'>in</span> <span class='ocrx_word' id='word_1_390' title='bbox 243 2730 439 2770; x_wconf 89' lang='lat' dir='ltr'>omnibus</span> <span class='ocrx_word' id='word_1_391' title='bbox 470 2731 690 2770; x_wconf 88' lang='lat' dir='ltr'>modulata</span> <span class='ocrx_word' id='word_1_392' title='bbox 720 2735 763 2770; x_wconf 88' lang='lat' dir='ltr'>et</span> <span class='ocrx_word' id='word_1_393' title='bbox 790 2744 944 2771; x_wconf 80' lang='lat' dir='ltr'>vocem</span> <span class='ocrx_word' id='word_1_394' title='bbox 966 2744 1094 2782; x_wconf 88' lang='lat' dir='ltr'>quam</span> <span class='ocrx_word' id='word_1_395' title='bbox 1116 2731 1260 2771; x_wconf 87' lang='lat' dir='ltr'>audivi</span> <span class='ocrx_word' id='word_1_396' title='bbox 1291 2732 1403 2771; x_wconf 87' lang='lat' dir='ltr'>sicut</span> <span class='ocrx_word' id='word_1_397' title='bbox 1439 2732 1770 2782; x_wconf 87' lang='lat' dir='ltr'>cytharedorum</span> <span class='ocrx_word' id='word_1_398' title='bbox 1801 2746 1871 2784; x_wconf 76' lang='lat' dir='ltr'>cy-</span> 
     </span>
     <span class='ocr_line' id='line_1_41' title="bbox 170 2795 1873 2847; baseline 0.002 -14"><span class='ocrx_word' id='word_1_399' title='bbox 170 2795 475 2834; x_wconf 86' lang='lat' dir='ltr'>tharizantium</span> <span class='ocrx_word' id='word_1_400' title='bbox 503 2796 547 2834; x_wconf 93' lang='lat' dir='ltr'>in</span> <span class='ocrx_word' id='word_1_401' title='bbox 578 2796 767 2846; x_wconf 84' lang='lat' dir='ltr'>cytharis</span> <span class='ocrx_word' id='word_1_402' title='bbox 803 2797 892 2835; x_wconf 89' lang='lat' dir='ltr'>suis</span> <span class='ocrx_word' id='word_1_403' title='bbox 924 2797 996 2847; x_wconf 82' lang='lat'>(1).</span> <span class='ocrx_word' id='word_1_404' title='bbox 1030 2796 1217 2847; x_wconf 82' lang='lat' dir='ltr'>Cythara</span> <span class='ocrx_word' id='word_1_405' title='bbox 1263 2797 1375 2835; x_wconf 89' lang='lat' dir='ltr'>enim</span> <span class='ocrx_word' id='word_1_406' title='bbox 1405 2810 1491 2836; x_wconf 90' lang='lat' dir='ltr'>non</span> <span class='ocrx_word' id='word_1_407' title='bbox 1523 2801 1648 2836; x_wconf 87' lang='lat' dir='ltr'>sonat</span> <span class='ocrx_word' id='word_1_408' title='bbox 1695 2798 1778 2836; x_wconf 89' lang='lat' dir='ltr'>nisi</span> <span class='ocrx_word' id='word_1_409' title='bbox 1818 2799 1873 2837; x_wconf 84' lang='lat' dir='ltr'>sit</span> 
     </span>
     <span class='ocr_line' id='line_1_42' title="bbox 170 2860 1872 2913; baseline -0.001 -14"><span class='ocrx_word' id='word_1_410' title='bbox 170 2872 321 2909; x_wconf 81' lang='lat' dir='ltr'>vacua,</span> <span class='ocrx_word' id='word_1_411' title='bbox 350 2872 428 2911; x_wconf 88' lang='lat' dir='ltr'>per</span> <span class='ocrx_word' id='word_1_412' title='bbox 458 2860 571 2911; x_wconf 87' lang='lat' dir='ltr'>quod</span> <span class='ocrx_word' id='word_1_413' title='bbox 601 2860 726 2899; x_wconf 87' lang='lat' dir='ltr'>datur</span> <span class='ocrx_word' id='word_1_414' title='bbox 754 2861 937 2912; x_wconf 90' lang='lat' dir='ltr'>intelligi</span> <span class='ocrx_word' id='word_1_415' title='bbox 968 2861 1081 2912; x_wconf 86' lang='lat' dir='ltr'>quod</span> <span class='ocrx_word' id='word_1_416' title='bbox 1110 2862 1153 2899; x_wconf 91' lang='lat' dir='ltr'>in</span> <span class='ocrx_word' id='word_1_417' title='bbox 1193 2862 1254 2900; x_wconf 89' lang='lat' dir='ltr'>eis</span> <span class='ocrx_word' id='word_1_418' title='bbox 1287 2861 1366 2899; x_wconf 90' lang='lat' dir='ltr'>erit</span> <span class='ocrx_word' id='word_1_419' title='bbox 1395 2865 1629 2913; x_wconf 87' lang='lat' dir='ltr'>paupertas</span> <span class='ocrx_word' id='word_1_420' title='bbox 1662 2863 1872 2901; x_wconf 82' lang='lat' dir='ltr'>altissima</span> 
     </span>
     <span class='ocr_line' id='line_1_43' title="bbox 173 2924 1871 2977; baseline 0.002 -15"><span class='ocrx_word' id='word_1_421' title='bbox 173 2927 215 2963; x_wconf 90' lang='lat' dir='ltr'>et</span> <span class='ocrx_word' id='word_1_422' title='bbox 242 2924 527 2964; x_wconf 84' lang='lat' dir='ltr'>humilissima</span> <span class='ocrx_word' id='word_1_423' title='bbox 557 2937 630 2964; x_wconf 91' lang='grc'>605</span> <span class='ocrx_word' id='word_1_424' title='bbox 663 2937 880 2965; x_wconf 83' lang='lat' dir='ltr'>evacuans</span> <span class='ocrx_word' id='word_1_425' title='bbox 912 2926 964 2965; x_wconf 87' lang='lat' dir='ltr'>ab</span> <span class='ocrx_word' id='word_1_426' title='bbox 996 2927 1109 2965; x_wconf 89' lang='lat' dir='ltr'>omni</span> <span class='ocrx_word' id='word_1_427' title='bbox 1139 2926 1412 2977; x_wconf 85' lang='lat' dir='ltr'>reputatione</span> <span class='ocrx_word' id='word_1_428' title='bbox 1449 2927 1514 2965; x_wconf 89' lang='lat' dir='ltr'>sui</span> <span class='ocrx_word' id='word_1_429' title='bbox 1545 2930 1587 2965; x_wconf 92' lang='lat' dir='ltr'>et</span> <span class='ocrx_word' id='word_1_430' title='bbox 1627 2927 1871 2965; x_wconf 83' lang='lat' dir='ltr'>substantia</span> 
     </span>
    </p>
   </div>
   <div class='ocr_carea' id='block_1_4' title="bbox 174 3036 362 3040">
    <p class='ocr_par' dir='ltr' id='par_1_8' title="bbox 174 3036 362 3040">
     <span class='ocr_line' id='line_1_44' title="bbox 174 3036 362 3040; baseline 0 0"><span class='ocrx_word' id='word_1_431' title='bbox 174 3036 362 3040; x_wconf 95' lang='lat' dir='ltr'> </span> 
     </span>
    </p>
   </div>
   <div class='ocr_carea' id='block_1_5' title="bbox 399 3037 526 3040">
    <p class='ocr_par' dir='ltr' id='par_1_9' title="bbox 399 3037 526 3040">
     <span class='ocr_line' id='line_1_45' title="bbox 399 3037 526 3040; baseline 0 0"><span class='ocrx_word' id='word_1_432' title='bbox 399 3037 526 3040; x_wconf 95' lang='lat' dir='ltr'> </span> 
     </span>
    </p>
   </div>
   <div class='ocr_carea' id='block_1_6' title="bbox 315 3094 1863 3128">
    <p class='ocr_par' dir='ltr' id='par_1_10' title="bbox 315 3094 1863 3128">
     <span class='ocr_line' id='line_1_46' title="bbox 315 3094 1863 3128; baseline 0.001 -7"><span class='ocrx_word' id='word_1_433' title='bbox 315 3096 359 3128; x_wconf 85' lang='lat'>(1)</span> <span class='ocrx_word' id='word_1_434' title='bbox 381 3094 484 3127; x_wconf 84' lang='lat' dir='ltr'>Apoc.</span> <span class='ocrx_word' id='word_1_435' title='bbox 505 3095 591 3123; x_wconf 89' lang='lat' dir='ltr'>XIV.</span> <span class='ocrx_word' id='word_1_436' title='bbox 612 3097 637 3123; x_wconf 79' lang='lat'>2.</span> <span class='ocrx_word' id='word_1_437' title='bbox 660 3095 748 3122; x_wconf 63' lang='lat' dir='ltr'>Ecca</span> <span class='ocrx_word' id='word_1_438' title='bbox 772 3099 1005 3122; x_wconf 73' lang='lat' dir='ltr'>nuovauicntc</span> <span class='ocrx_word' id='word_1_439' title='bbox 1023 3097 1042 3122; x_wconf 89' lang='lat' dir='ltr'>il</span> <span class='ocrx_word' id='word_1_440' title='bbox 1067 3100 1221 3123; x_wconf 47' lang='grc'>(1011011110</span> <span class='ocrx_word' id='word_1_441' title='bbox 1243 3097 1334 3123; x_wconf 66' lang='lat' dir='ltr'>«Iolla</span> <span class='ocrx_word' id='word_1_442' title='bbox 1359 3098 1563 3124; x_wconf 67' lang='lat' dir='ltr'>fowluziom·</span> <span class='ocrx_word' id='word_1_443' title='bbox 1587 3098 1639 3123; x_wconf 54' lang='lat' dir='ltr'>&lt;lul</span> <span class='ocrx_word' id='word_1_444' title='bbox 1663 3101 1754 3124; x_wconf 63' lang='lat' dir='ltr'>teu-zo</span> <span class='ocrx_word' id='word_1_445' title='bbox 1777 3101 1863 3124; x_wconf 56' lang='lat' dir='ltr'>slat«.</span> 
     </span>
    </p>
   </div>
  </div>
 </body>
</html>
