2325 3552
432 193 508 227 288
869 194 908 228 P.
942 193 1223 247 ZEFFIRINO
1257 194 1475 229 LAZZERI
1505 194 1547 228 O.
1588 196 1630 228 F.
1662 195 1714 228 M.

430 350 630 387 Consules
659 358 698 387 et
742 352 822 387 due
870 358 1003 399 partes
1052 363 1206 397 eorum,
1258 352 1499 388 auctoritate
1529 351 1725 399 presentis
1760 353 2017 399 provisionis,
2060 354 2145 389 vice

429 422 468 452 et
496 416 661 452 nomine
692 416 903 461 Comunis,
937 423 1151 464 protegant
1181 423 1221 452 et
1251 417 1473 453 defendant
1503 423 1541 452 et
1571 423 1813 453 conservent
1842 418 1973 454 dictos
2013 417 2143 454 Guar-

428 481 609 527 dianum,
644 481 816 525 Fratres,
850 482 1078 526 ecclesiam,
1105 482 1327 530 capitulum
1350 489 1388 518 et
1411 488 1657 517 conventum
1679 494 1770 517 cum
1793 483 1981 519 omnibus
2009 483 2141 528 bonis,

429 546 583 582 iuribus
613 552 651 582 et
680 547 934 594 pertinentiis
963 547 1059 592 suis,
1094 552 1233 583 contra
1262 559 1404 583 omnes
1434 553 1473 582 et
1502 547 1682 593 singulos
1703 547 1982 596 cuiuscunque
2002 554 2142 592 status,

430 611 577 658 gradus
598 623 668 647 seu
690 612 899 659 dignitatis
919 613 1149 656 existerent,
1174 612 1242 660 qui
1264 612 1395 648 dictos
1416 611 1713 655 Guardianum,
1739 611 1909 656 Fratres,
1934 613 2145 649 ecclesiam

430 676 653 724 capitulum
681 682 720 712 et
750 683 1010 722 conventum,
1044 664 1121 713 seul
1145 678 1266 721 bona,
1300 677 1386 713 iura
1415 677 1476 712 vel
1499 676 1763 724 pertinentias
1779 688 1870 713 suas
1892 678 2142 721 invaderent,

428 742 635 777 turbarent
664 748 733 777 aut
762 742 991 790 aliqualiter
1021 743 1294 787 molestarent,
1329 743 1412 778 sive
1443 743 1512 790 qui
1552 742 1706 777 directe
1745 742 1807 777 vel
1847 742 2043 779 indirecte
2072 743 2144 778 sub

429 818 693 854 quoqumque
724 807 874 851 colore,
907 807 1140 847 ambitione,
1176 808 1400 855 cupiditate
1429 808 1491 843 vel
1523 807 1662 851 modo,
1705 807 1836 843 dictos
1865 806 2146 844 Guardianum

429 871 600 916 Fratres,
641 872 863 920 capitulum
885 878 923 908 et
945 879 1206 918 conventum,
1232 885 1303 908 seu
1332 873 1454 916 bona,
1489 873 1575 907 iura
1596 878 1635 907 et
1656 872 1920 919 pertinentias
1950 884 2054 916 suas,
2078 878 2146 908 aut

428 948 568 972 eorum
595 938 819 984 regularem
849 944 887 973 et
908 938 1085 974 strictam
1107 938 1419 981 observantiam,
1444 937 1624 985 quietum
1646 944 1685 972 et
1714 937 1928 985 pacificum
1949 938 2143 985 regimen,

428 1008 468 1037 et
497 1002 718 1049 primevam
747 1003 1003 1039 observantie
1033 1003 1202 1039 formam
1234 1009 1389 1038 mutare
1419 1008 1488 1038 aut
1526 1002 1767 1050 inquietare,
1802 1003 2043 1039 labefactare
2085 1003 2145 1038 vel

428 1064 609 1100 minuere
639 1070 854 1109 tentarent,
888 1071 957 1100 aut
986 1070 1141 1101 tentare
1172 1065 1335 1108 vellent,
1370 1065 1432 1100 vel
1463 1071 1756 1112 presumerent.
1792 1064 1842 1100 Et
1899 1065 2011 1112 quod
2049 1064 2148 1100 dicti

430 1128 642 1173 Consules,
674 1135 718 1166 ut
749 1142 868 1177 supra
898 1130 1055 1166 dictum
1099 1136 1171 1173 est,
1205 1130 1371 1177 quando
1402 1136 1441 1165 et
1462 1130 1651 1177 quotiens
1682 1129 1800 1165 fuerit
1817 1129 2054 1177 expediens,
2078 1136 2147 1165 aut

427 1195 611 1242 requisiti
640 1195 801 1239 fuerint,
822 1202 1037 1231 teneantur
1055 1202 1231 1243 prestare
1253 1206 1417 1230 omnem
1439 1195 1669 1239 consilium,
1694 1195 1888 1230 auxilium
1911 1201 1950 1230 et
1970 1195 2147 1231 favorem

428 1259 547 1295 dictis
577 1258 830 1305 Guardiano,
864 1260 1083 1305 Fratribus,
1119 1260 1297 1308 capitulo
1319 1266 1358 1295 et
1392 1260 1627 1303 conventui,
1652 1266 1866 1307 propterea
1883 1266 2143 1308 oportunum,

428 1330 472 1360 ut
494 1325 535 1360 in
554 1325 737 1372 predicta
760 1324 1030 1361 Observantia
1053 1325 1188 1373 quiete
1209 1332 1249 1361 et
1269 1325 1438 1373 pacifice
1460 1325 1500 1360 in
1518 1325 1628 1361 dicto
1650 1331 1854 1361 conventu
1875 1325 2010 1361 vivere
2030 1332 2069 1362 et
2084 1338 2147 1362 ce-

429 1391 631 1426 remonias
652 1396 690 1425 et
712 1390 1023 1426 constitutiones
1045 1402 1135 1426 suas
1152 1391 1238 1426 sine
1254 1391 1397 1426 alicnis
1414 1391 1600 1426 molestia
1617 1397 1685 1425 aut
1701 1390 1994 1438 impedimento
2013 1392 2147 1427 obser-

428 1467 521 1491 vare
541 1456 713 1503 possint,
739 1462 778 1491 et
799 1462 841 1491 ut
872 1456 1004 1492 dictus
1035 1462 1259 1492 conventus
1281 1462 1320 1491 et
1349 1456 1458 1491 bona
1489 1456 1627 1491 omnia
1656 1455 1763 1491 illius
1792 1462 2079 1504 recuperentur
2109 1463 2148 1493 et

433 1526 724 1556 conserventur
755 1527 793 1557 et
823 1528 1058 1568 augeantur.

515 1601 531 1617 «
549 1585 652 1621 Item
673 1586 786 1634 quod
808 1586 905 1622 dicti
927 1586 1124 1622 Consules
1154 1592 1368 1622 teneantur
1388 1598 1539 1630 curam,
1572 1586 1908 1633 gubernationem
1939 1593 1978 1623 et
2007 1587 2148 1622 ammi-

427 1650 711 1687 nistrationem
741 1652 1045 1699 possessionum
1076 1658 1115 1687 et
1144 1652 1346 1688 bonorum
1376 1652 1474 1687 dicti
1496 1657 1721 1688 conventus
1741 1665 1811 1700 per
1834 1664 1874 1689 se
1897 1658 1966 1688 aut
1986 1664 2057 1700 per
2077 1664 2147 1689 eos

427 1727 530 1764 quos
560 1717 683 1752 semel
716 1723 755 1753 et
785 1717 935 1764 pluries
966 1723 1005 1753 et
1034 1718 1359 1765 quotiescunque
1389 1717 1687 1765 deputaverint,
1722 1730 1879 1754 sumere
1909 1723 1948 1754 et
1978 1717 2142 1761 habere,

428 1788 467 1817 et
495 1781 565 1818 illa
594 1787 633 1817 et
663 1782 877 1830 quodlibet
907 1794 1047 1818 eorum
1077 1788 1159 1818 tarn
1189 1783 1241 1818 ad
1272 1783 1453 1818 medium
1483 1794 1605 1830 quam
1635 1783 1812 1819 affictum
1851 1783 1913 1819 vel
1943 1783 2059 1819 aliter
2090 1783 2147 1819 lo-

428 1858 519 1883 care
549 1859 619 1883 seu
650 1847 822 1884 laborari
852 1847 996 1892 facere,
1031 1848 1181 1884 fructus
1226 1854 1376 1895 petere,
1420 1848 1578 1895 exigere
1609 1854 1647 1884 et
1677 1848 1871 1896 recipere,
1913 1854 1952 1884 et
1980 1848 2031 1884 de
2070 1848 2147 1885 illis

429 1918 667 1959 computum
698 1918 736 1948 et
765 1913 965 1948 rationem
995 1913 1046 1948 de
1075 1924 1146 1960 per
1177 1924 1217 1949 se
1248 1919 1383 1949 tenere
1415 1919 1453 1949 et
1484 1925 1533 1948 ex
1571 1913 1767 1949 fructibus
1812 1925 1967 1957 eorum,
2014 1913 2144 1961 primo

429 1976 538 2012 dicta
567 1977 689 2022 bona,
723 1978 873 2013 deinde
904 1978 1131 2022 ecclesiam,
1165 1984 1410 2014 conventum
1432 1985 1471 2014 et
1501 1978 1661 2014 edificia
1681 1978 1789 2014 illius
1818 1985 2082 2014 manutenere
2105 1984 2143 2014 et

429 2053 683 2087 conservare,
716 2049 859 2091 postea
888 2055 998 2087 vero,
1033 2043 1064 2079 si
1096 2043 1207 2091 quod
1237 2043 1444 2079 residuum
1476 2050 1594 2087 esset,
1628 2043 1669 2078 in
1690 2049 1952 2091 augmentum
1974 2043 2145 2080 ecclesie

429 2113 470 2143 et
497 2107 595 2143 dicti
626 2114 850 2144 conventus
880 2114 949 2144 aut
978 2109 1031 2144 ad
1051 2108 1119 2156 pia
1140 2120 1263 2156 opera
1286 2108 1469 2144 Fratrum
1491 2107 1758 2145 Observantie
1780 2109 1821 2144 in
1843 2120 1891 2145 eo
1912 2109 2147 2156 degentium

428 2178 663 2208 convertere
692 2179 731 2208 et
761 2173 1018 2217 distribuere,
1051 2185 1100 2209 eo
1131 2173 1256 2209 modo
1287 2180 1326 2209 et
1356 2173 1499 2218 forma,
1542 2179 1581 2209 et
1621 2180 1742 2221 prout
1785 2174 1844 2210 eis
1882 2179 1951 2210 aut
1989 2161 2147 2210 duabus

428 2238 609 2286 partibus
637 2238 838 2274 dictorum
868 2238 1106 2282 Consulum,
1140 2250 1210 2275 seu
1240 2250 1394 2283 eorum,
1428 2251 1530 2287 quos
1564 2239 1686 2275 semel
1731 2245 1770 2275 et
1797 2239 1948 2287 pluries
1977 2240 2148 2287 deputa-

428 2303 572 2347 verint,
605 2303 734 2338 visum
764 2303 881 2339 fuerit
902 2303 1047 2339 melius
1068 2303 1120 2338 ad
1141 2303 1339 2350 honorem
1360 2303 1437 2339 Dei
1460 2310 1499 2340 et
1520 2304 1807 2340 necessitatem
1829 2315 1900 2340 seu
1931 2304 2145 2340 utilitatem

430 2368 527 2403 dicti
557 2374 783 2403 conventus
812 2378 851 2403 et
881 2369 921 2404 in
952 2380 1001 2404 eo
1033 2369 1282 2415 degentium.

517 2433 651 2468 «Item
681 2433 792 2480 quod
821 2445 894 2481 pro
925 2433 1071 2469 effectu
1099 2439 1138 2469 et
1169 2434 1411 2470 executione
1433 2440 1716 2471 contentarum
1738 2435 1779 2470 in
1809 2434 1987 2482 presenti
2008 2434 2146 2470 Provi-

428 2497 542 2533 sione
573 2504 612 2533 et
641 2497 738 2533 inde
767 2498 1106 2546 dependentium,
1139 2499 1295 2547 possint
1334 2506 1373 2535 et
1412 2499 1591 2535 debeant
1629 2500 1766 2535 omnia
1805 2511 1956 2547 gerere,
1997 2499 2139 2541 facere,

428 2562 724 2606 administrare,
757 2563 949 2610 perficere
978 2570 1018 2599 et
1037 2564 1197 2612 exequi,
1232 2576 1310 2612 que
1330 2576 1403 2612 pro
1425 2564 1615 2608 efficacia,
1639 2565 1902 2612 expeditione
1932 2571 1972 2601 et
2003 2565 2146 2601 effectu

430 2639 569 2663 eorum
584 2634 654 2663 aut
674 2628 844 2677 alicujus
866 2640 1006 2664 eorum
1026 2630 1088 2664 vel
1111 2629 1206 2665 inde
1227 2630 1541 2676 quomodolibet
1557 2630 1880 2678 dependentium
1902 2630 2142 2674 necessaria,

430 2698 630 2740 oportuna
661 2693 722 2728 vel
755 2694 1015 2741 expedientia
1046 2706 1215 2742 quoquo
1245 2695 1369 2731 modo
1401 2695 1562 2731 tuerint.

519 2773 534 2789 «
552 2756 648 2793 Non
678 2758 933 2794 obstantibus
964 2759 1004 2794 in
1035 2760 1242 2806 predictis,
1267 2760 1329 2796 vel
1351 2760 1489 2808 aliquo
1510 2760 1802 2808 predictorum,
1825 2760 2029 2808 aliquibus
2050 2760 2145 2808 legi-

430 2823 519 2866 bus,
552 2823 724 2867 statutis,
748 2823 1055 2868 ordinamentis,
1078 2824 1394 2872 provisionibus,
1420 2832 1489 2861 aut
1508 2825 1863 2862 reformationibus
1884 2825 2145 2862 consiliorum

431 2887 579 2935 Populi
610 2894 649 2924 et
678 2887 874 2924 Comunis
904 2889 1124 2934 Florentie,
1158 2890 1380 2926 obstaculis
1407 2903 1478 2927 seu
1506 2891 1783 2939 repugnantiis
1804 2891 2142 2939 quibuscumque,

430 2952 553 2988 etiam
582 2959 944 3002 quantumcunque
973 2954 1257 3001 derogatoriis,
1289 2956 1504 3003 penalibus
1534 2956 1596 2992 vel
1628 2956 1808 3004 precisis,
1850 2956 1914 2991 vel
1953 2955 2074 2991 etiam
2113 2955 2145 2991 si

427 3017 479 3053 de
508 3018 564 3054 eis
594 3019 655 3054 vel
685 3018 865 3066 ipsorum
895 3019 1032 3067 aliqua
1063 3020 1271 3057 debuisset
1300 3021 1362 3057 vel
1393 3021 1560 3057 deberet
1597 3021 1680 3057 fieri
1718 3021 1898 3069 spetialis
1928 3020 2081 3056 mentio
2103 3026 2143 3057 et

427 3093 630 3130 expressa.
665 3082 827 3129 Quibus
858 3084 1048 3120 omnibus
1078 3084 1327 3133 intelligatur
1355 3098 1442 3122 esse
1463 3092 1502 3122 et
1532 3086 1582 3122 sit
1601 3086 1845 3122 nominatim
1876 3092 1915 3122 et
1936 3097 2140 3133 expresse,
