2325 3552
442 188 770 224 PERSONAGGI
801 187 956 224 SANTI
987 188 1057 222 ED
1088 187 1331 222 ILLUSTRI
1362 187 1501 221 ALLA
1535 188 1713 223 VERNA
1851 188 1923 222 331

227 346 308 382 San
336 346 558 382 Francesco
588 346 778 382 ricevette
808 346 844 381 le
875 345 1046 391 stimate,
1079 346 1233 381 aiutato
1261 346 1367 381 nelle
1398 357 1491 381 cose
1518 345 1682 380 minime
1704 345 1756 381 da
1777 345 1928 392 Iacopo

228 411 271 447 di
300 410 530 451 Casentino‚
565 411 639 447 che
667 411 873 447 mediante
905 416 1045 458 questa
1075 410 1157 458 gita
1186 410 1362 446 divenne
1393 422 1465 446 suo
1496 405 1739 458 discepolo»
1767 408 1838 459 (1).
1877 409 1929 445 Di

230 476 381 524 Iacopo
411 476 537 512 scrive
567 477 593 512 il
623 476 845 512 medesimo
875 475 1041 512 Vasari:
1092 475 1200 511 «Fra
1238 476 1369 524 questi
1411 496 1454 500 —
1496 475 1720 511 desiderosi
1759 472 1848 511 01οὲ
1888 474 1929 509 di

226 540 429 589 acquistar
457 541 562 578 fama
591 554 612 578 e
641 542 846 579 ricchezze
876 541 1082 577 mediante
1103 539 1219 577 l'arte
1240 541 1347 577 della
1368 541 1517 589 pittura
1542 561 1581 565 ——
1609 541 1650 576 fu
1673 552 1753 576 uno
1776 540 1927 587 Iacopo

227 605 271 641 di
301 604 541 652 Casentino;
575 607 602 642 il
633 608 751 655 quale
781 606 953 643 essendo
983 611 1092 647 nato,
1129 617 1243 642 come
1284 606 1316 641 si
1356 606 1482 653 legge,
1526 606 1634 641 della
1673 605 1850 653 famiglia
1888 605 1928 640 di

229 682 378 706 messer
406 670 627 708 Crist'oforo
658 672 844 708 Landino
874 672 926 707 da
955 671 1261 714 Pratovecchi0‚
1293 670 1334 706 fu
1364 671 1416 706 da
1446 682 1500 706 un
1529 670 1646 706 Frate
1676 670 1717 705 di
1749 669 1930 707 Casenti-

229 747 298 779 no,
347 736 473 772 allora
521 737 744 784 guardiano
793 737 829 773 al
873 736 992 772 Sasso
1035 736 1143 772 della
1188 735 1352 781 Vernia,
1395 735 1588 771 acconcio
1635 747 1712 771 con
1757 735 1929 771 Taddeo

228 799 381 845 Gaddi,
413 808 568 838 mentre
597 802 674 850 egli
704 802 745 838 in
775 802 867 850 quel
899 807 1103 837 convento
1135 801 1339 845 lavorava,
1371 798 1520 849 perche
1551 801 1768 848 imparasse
1807 800 1833 835 il
1872 800 1930 835 di-

228 877 353 913 segno
383 878 404 902 e
434 867 603 903 00101110
635 855 853 903 dell'arte»>
880 866 952 916 (2).

312 952 356 957 ——
398 929 496 967 Velz.
533 931 764 969 Francesco
793 932 862 967 dei
894 930 1113 982 ,Μαῖα-ῥεῖ.
1148 953 1198 957 -
1237 931 1300 967 1)1ἶ
1331 931 1385 966 101
1425 928 1508 967 0031
1546 931 1658 978 parla
1698 930 1724 966 il
1760 930 1928 966 Pisano:

231 996 294 1032 De
323 996 528 1033 Florentia
555 997 674 1033 frater
702 997 925 1033 Franciscis
963 996 1050 1041 fuit,
1096 997 1147 1032 de
1177 996 1389 1032 Maleficiis
1409 1002 1678 1044 nuncupatus,
1719 996 1843 1032 homo
1866 995 1934 1031 de—

230 1067 347 1098 votus
376 1068 414 1098 et
443 1063 691 1111 paupertatis
720 1075 766 1098 ac
795 1062 957 1109 regulae
987 1073 1083 1098 suae
1113 1062 1276 1098 zelator.
1311 1060 1391 1107 Qui
1423 1061 1496 1097 etsi
1526 1061 1567 1097 in
1597 1061 1784 1097 Corsicae
1805 1061 1935 1096 insula

230 1127 281 1163 sit
308 1126 511 1172 humatus,
544 1128 648 1164 circa
676 1128 809 1176 ipsum
838 1127 950 1163 Deus
979 1127 1020 1162 in
1050 1133 1188 1163 monte
1210 1138 1322 1162 sacro
1354 1126 1553 1162 Alvernae
1581 1126 1819 1162 miraculum
1853 1138 1935 1161 ma-

230 1203 353 1239 gnum
383 1193 696 1232 demonstravit:
740 1205 833 1229 nam
872 1204 963 1228 cum
1003 1197 1123 1227 staret
1163 1191 1365 1228 Alvernae
1403 1198 1442 1227 et
1481 1191 1668 1227 fratribus
1707 1191 1934 1227 forensibus

232 1257 335 1302 loca,
369 1257 409 1293 in
438 1258 584 1306 quibus
612 1259 754 1294 beatus
783 1257 1018 1293 Franciscus
1049 1263 1224 1301 steterat,
1259 1256 1490 1293 ostenderet
1508 1285 1516 1293 .
1540 1286 1547 1292 .
1572 1286 1579 1292 .
1602 1255 1672 1306 (3).

312 1345 360 1349 ——
399 1321 495 1360 Vm.
534 1323 621 1359 Fra
651 1322 893 1372 Guglz'elmo
924 1321 977 1357 da
1008 1321 1289 1371 Radia-osani.
1322 1344 1372 1347 —
1403 1321 1437 1357 Il
1459 1322 1608 1357 Pisano
1628 1322 1787 1357 ricorda
1807 1321 1845 1357 13
1865 1333 1936 1357 303

231 1388 437 1435 sepoltura
465 1389 530 1425 nel
561 1400 673 1425 sacro
712 1394 851 1424 monte
882 1400 959 1424 000
989 1393 1130 1435 queste
1158 1387 1271 1423 brevi
1300 1388 1465 1435 parole:
1507 1387 1587 1423 «In
1620 1392 1757 1423 monte
1796 1386 1936 1422 Alver-

232 1464 309 1489 nae
338 1453 442 1489 iacet
470 1454 586 1490 frater
617 1452 842 1489 Gulielmus
873 1454 924 1489 (16
955 1452 1223 1495 Radicofano,
1255 1464 1373 1500 super
1403 1453 1517 1489 cuius
1551 1458 1685 1500 caput,
1719 1453 1816 1488 dum
1850 1463 1937 1488 ora-

232 1524 306 1563 ret,
337 1519 446 1555 visus
476 1525 536 1555 est
564 1519 681 1566 ignis
698 1531 865 1566 magnus
883 1535 898 1551 »
925 1518 996 1568 (4).

317 1605 360 1609 —
402 1581 500 1620 Van.
524 1583 612 1619 Fra
633 1585 854 1620 Clemente.
892 1606 937 1609 ——
968 1583 1032 1619 Ne
1062 1583 1099 1619 fa
1128 1583 1322 1619 memoria
1352 1583 1482 1619 anche
1502 1583 1543 1618 di
1565 1583 1694 1631 questi
1716 1583 1743 1617 il
1764 1582 1933 1618 Pisano:

242 1648 323 1684 «In
353 1649 461 1685 dicto
493 1650 583 1685 1000
614 1650 669 1699 (13
689 1648 841 1698 Verna)
873 1650 977 1685 iacet
1006 1649 1124 1684 frater
1155 1648 1358 1692 Clemens,
1399 1648 1458 1683 vir
1478 1649 1600 1684 mirae
1621 1647 1879 1696 perfectionis
1900 1653 1938 1682 et

234 1714 489 1751 sanctitatis»
514 1714 589 1764 (5).
622 1715 654 1750 E
684 1726 735 1750 ne
766 1714 803 1750 fa
832 1726 906 1762 pur
936 1714 1131 1750 memoria
1152 1713 1228 1749 Fra
1260 1713 1447 1749 Mariano
1478 1713 1530 1749 da
1564 1713 1745 1757 Firenze,
1769 1713 1795 1748 il
1819 1713 1938 1760 quale

236 1776 318 1815 0031
348 1779 386 1816 10
417 1791 707 1816 commemora:
749 1779 918 1815 «Frater
949 1778 1152 1823 Clemens,
1185 1779 1243 1814 vir
1273 1779 1396 1814 mirae
1424 1778 1530 1814 vitae
1560 1785 1599 1814 et
1629 1778 1864 1823 sanctitatis,
1898 1778 1939 1813 in

235 1850 415 1881 montem
444 1845 644 1881 Alvernae
673 1845 885 1893 sepultus»
908 1843 983 1895 (O).

313 1932 366 1935 —
397 1908 558 1946 Eat-ico
596 1908 684 1946 VI]
711 1908 984 1957 Imperatore.
1026 1931 1062 1933 —
1100 1908 1167 1945 Gli
1199 1909 1337 1945 storici
1365 1909 1492 1945 nostri
1522 1909 1689 1956 parlano
1719 1908 1811 1943 tutti
1832 1908 1939 1943 della

237 1981 386 2011 venuta
414 1975 493 2011 alla
522 1974 658 2011 Verna
688 1975 729 2010 di
761 1980 905 2023 questo
935 1974 1199 2023 Imperatore.
1234 1974 1308 2010 Fra
1338 1974 1524 2010 Mariano
1554 1974 1606 2009 da
1636 1973 1802 2008 Firenze
1823 1973 1936 2008 dice:

245 2039 480 2076 «Henricus
511 2048 547 2086 7,
580 2040 810 2088 imperator⁷
843 2052 951 2076 3000
986 2051 1100 2087 1312,
1133 2052 1204 2088 per
1234 2051 1372 2087 agrum
1394 2039 1606 2075 Aretinum
1626 2039 1823 2075 transiens
1844 2050 1939 2074 000-

236 2111 296 2140 tra
324 2105 594 2151 Florentinos,
628 2117 677 2141 ex
708 2106 952 2142 devoctione
984 2105 1098 2141 Beati
1128 2105 1334 2141 Francisci
1364 2116 1520 2141 sacrum
1550 2104 1727 2140 visitavit
1756 2103 1940 2139 Montem

238 2170 439 2206 Alvernae
469 2176 508 2206 et
537 2183 560 2207 3
589 2177 727 2207 sancto
758 2171 876 2207 fratre
906 2171 1092 2207 Iohanne
1124 2170 1329 2206 informari
1358 2170 1500 2214 voluit,
1533 2181 1654 2217 quem
1683 2181 1773 2205 cum
1812 2175 1941 2204 atten-

236 2236 347 2272 tione
376 2242 415 2271 et
443 2236 662 2272 devotione
691 2237 867 2272 maxima
896 2236 1064 2272 audivit.
1100 2235 1321 2284 Ipsumque
1361 2247 1517 2271 sacrum
1558 2234 1742 2270 Montem
1781 2240 1820 2269 et
1851 2233 1943 2268 Fra-

238 2307 315 2337 tres
344 2301 416 2337 sub
466 2313 537 2337 303
564 2302 816 2349 protectione
855 2301 1093 2349 suscipiens,
1123 2313 1194 2349 per
1224 2313 1315 2337 suas
1345 2301 1497 2336 litteras
1528 2299 1707 2335 dominis
1736 2299 1844 2334 illius
1882 2310 1944 2334 re-

237 2366 367 2413 gionis
397 2366 669 2402 efficacissime
700 2367 1030 2403 commendavit»
1058 2365 1130 2415 (7).
1166 2366 1200 2402 Il
1232 2365 1376 2413 Miglio
1407 2362 1490 2401 cosi
1523 2364 1669 2400 scrive:

325 2431 537 2468 «Henrico
568 2432 727 2468 settimo
759 2432 1007 2480 Imperatore
1038 2432 1089 2467 de
1128 2431 1267 2467 Latini
1307 2428 1424 2467 visito
1464 2442 1541 2466 con
1579 2442 1677 2477 gran
1717 2429 1944 2465 devozione

356 2723 386 2764 1)
415 2724 460 2753 Le
495 2724 565 2753 Vite
591 2729 670 2761 eto,
700 2734 775 2764 pag.
809 2730 885 2762 172.

378 2784 386 2822 )
414 2783 460 2813 Le
498 2782 582 2820 Vite,
611 2788 674 2814 etc.
704 2793 780 2823 pag.
814 2782 891 2822 196.

377 2844 384 2880 )
414 2842 581 2872 Analecta
609 2842 753 2879 Franc.‚
783 2843 883 2872 Tom.
913 2842 978 2878 IV,
1000 2851 1075 2882 pag.
1100 2841 1179 2871 262.

378 2903 386 2938 )
414 2901 519 2936 llud„
550 2911 583 2941 p.
615 2908 694 2941 254.

378 2961 387 2998 )
415 2959 504 2989 [bid.
535 2959 634 2989 Toni.
664 2959 730 2995 IV,
758 2969 835 2999 pag.
867 2966 946 2999 254.

381 3020 388 3055 )
418 3018 525 3048 Arclz.
555 3018 681 3048 Franc.
711 3017 822 3051 lJz'st„
852 3017 901 3052 II,
936 3016 1014 3047 106.

380 3079 388 3116 )
417 3076 503 3107 Ibfd.
533 3087 573 3106 an
600 3077 649 3113 II,
686 3087 761 3117 pag.
799 3075 879 3116 634,
916 3086 933 3106 6
967 3075 1078 3105 vedasi
1113 3085 1223 3116 sopra,
1261 3075 1291 3104 la
1316 3075 1432 3104 lettera
1457 3074 1515 3114 qui
1541 3077 1731 3103 aecennata.
