2325 3552
470 243 544 278 388
1066 240 1379 277 ALVERNINA
1408 240 1573 276 VARIA

476 401 746 438 «venerabilis
794 400 949 436 domini
998 400 1296 444 Bonaventure,
1339 400 1504 448 quidam
1545 399 1741 447 generalis
1781 399 1966 437 Minister
2009 399 2175 437 Ordinis

476 467 727 511 Minorum,
766 466 1027 514 postmodum
1064 465 1247 501 Romane
1282 465 1463 502 Ecclesie
1498 464 1741 510 Cardinalis‚
1776 471 1814 501 et
1843 465 1972 502 fratris
2002 465 2174 502 Benedi-

476 550 491 566 «
508 533 559 569 cti
588 533 639 568 de
669 532 823 577 Aretio,
856 531 1032 567 hominis
1062 530 1155 576 Dei,
1189 543 1211 567 a
1242 536 1381 567 sancto
1411 537 1524 580 patre
1554 531 1769 567 Francisco
1799 532 1851 567 ad
1882 530 2079 568 Ordinem
2115 543 2175 568 re-

476 614 491 631 «
508 598 628 646 cepti,
660 597 912 645 aliorumque
943 595 1332 644 quamplurimorum
1361 602 1519 645 patrum
1551 597 1823 644 antiquorum,
1848 609 1871 633 a
1892 609 1973 646 quo
1996 609 2086 633 cum
2107 608 2175 645 pe-

475 670 633 700 «terem
663 663 833 711 supplex
862 662 1132 698 edificationis
1162 663 1344 706 verbum,
1377 662 1480 698 inter
1510 669 1644 698 cetera
1675 673 1754 710 que
1793 662 1969 707 dicebat,
2010 674 2176 711 respon-

474 745 489 761 «
507 729 585 765 dit:
602 758 607 764 .
625 758 631 764 .
650 758 655 764 .
683 728 733 764 Et
754 739 845 764 cum
867 728 917 763 de
938 728 1058 764 beato
1076 726 1291 764 Francisco
1308 727 1609 775 interrogarem,
1631 727 1754 763 dixit:
1774 727 1910 764 Frater
1927 728 2094 776 quidam
2114 758 2120 764 .
2140 757 2147 764 .
2165 757 2171 764 .

475 794 764 844 «(51136601113
794 793 862 841 qui
893 793 930 829 la
959 793 1115 829 visione
1145 793 1186 829 di
1216 806 1271 829 un
1302 793 1435 841 Frate)
1460 799 1579 841 prout
1608 793 1728 830 etiam
1750 792 1793 843 (il
1814 794 2037 830 medesimo
2059 793 2176 830 Frate

474 858 685 907 «ottenne)
717 859 839 895 verba
868 859 937 895 illa
966 858 1191 907 seraphica,
1224 871 1303 907 que
1332 858 1486 895 nemini
1516 859 1614 894 dum
1644 859 1796 895 viveret
1835 858 1890 909 (S.
1932 857 2174 909 Francesco)

474 925 631 961 «voluit
659 925 828 973 aperire,
861 930 904 960 ut
933 924 1009 961 sibi
1040 931 1179 973 aperte
1207 925 1425 961 nuntiaret.
1460 924 1580 961 Hanc
1610 930 1746 961 autem
1775 925 2063 961 revelationem
2094 937 2176 961 cre-

473 991 559 1026 «do
606 990 788 1038 predicto
834 990 936 1036 seni,
982 990 1052 1038 qui
1091 989 1190 1026 mihi
1230 1002 1321 1026 eam
1359 990 1548 1034 narravit,
1589 989 1735 1026 factam
1774 990 1908 1027 fuisse.
1957 989 2039 1036 Qui
2084 1002 2175 1026 cum

474 1057 557 1093 «de
594 1068 635 1092 se
674 1062 867 1105 tanquam
896 1056 947 1091 de
987 1056 1067 1091 alio
1112 1056 1298 1104 loquens,
1344 1062 1388 1092 ut
1430 1067 1565 1092 veram
1609 1055 1878 1092 humilitatem
1908 1056 2041 1092 cordis
2080 1068 2176 1092 con-

473 1138 489 1155 «
506 1127 692 1165 servaret,
730 1121 916 1170 exemplo
938 1126 1168 1157 sanctorum
1198 1127 1379 1170 patrum.
1401 1151 1407 1158 .
1428 1151 1434 1157 .
1470 1120 1594 1157 Hunc
1623 1121 1745 1157 talem
1775 1133 1822 1157 ac
1843 1127 2000 1158 tantum
2020 1133 2172 1166 senem,

473 1194 548 1224 «ut
578 1187 694 1231 dixit,
731 1185 820 1236 (sic)
852 1186 965 1223 CXV
1005 1198 1220 1231 annorum,
1261 1198 1346 1223 non
1383 1186 1470 1222 sine
1507 1186 1778 1224 admiratione
1816 1187 2059 1232 verecunda,
2092 1187 2176 1223 vidi

473 1265 597 1290 «cum
640 1253 842 1289 hilaritate
886 1252 1096 1301 utriusque
1140 1252 1317 1289 hominis
1360 1253 1635 1289 venerandam
1679 1252 1890 1289 calviciem
1932 1265 2025 1290 cum
2064 1264 2175 1289 reve-

474 1318 632 1356 «rentia
661 1318 875 1362 detexisse,
908 1323 946 1354 et
976 1318 1085 1354 velut
1114 1318 1214 1355 alter
1243 1318 1436 1363 Abraam,
1468 1318 1531 1354 vel
1561 1318 1682 1364 Loth,
1707 1318 1759 1354 ad
1779 1318 2031 1355 abluendum
2051 1318 2177 1367 pedes

474 1384 652 1421 «Fratris
682 1383 851 1420 forensis
882 1395 1001 1432 super
1044 1395 1176 1431 genua
1219 1395 1290 1420 sua
1330 1395 1370 1420 se
1401 1383 1441 1419 in
1481 1389 1585 1420 terra
1627 1384 1903 1433 prostravisse.
1947 1383 2013 1420 Ad
2053 1396 2176 1433 quem

474 1456 655 1495 «autem,
688 1456 732 1486 ut
762 1450 985 1494 dicebatur,
1019 1461 1113 1486 aves
1143 1449 1345 1486 silvestres
1374 1461 1447 1498 pro
1480 1450 1778 1487 consuetudine
1807 1449 2030 1495 venientes,
2055 1455 2094 1487 et
2124 1450 2176 1487 de

474 1532 489 1549 «
507 1528 628 1552 manu
673 1528 744 1552 sua
787 1516 922 1552 cibum
972 1521 1192 1560 sumentes,
1225 1527 1316 1552 cum
1363 1515 1531 1563 gaudio,
1577 1516 1854 1552 avolaverunt.
1902 1515 1968 1552 Ad
2010 1515 2175 1552 laudem

474 1597 490 1614 «
506 1587 568 1618 etc
585 1580 641 1631 (I)
660 1597 676 1614 »
692 1611 698 1618 .

546 1646 628 1683 Ora
655 1647 740 1692 noi,
773 1658 933 1696 appena
963 1646 1063 1684 fatto
1092 1647 1288 1684 avvertire
1319 1647 1393 1684 che
1424 1647 1451 1683 il
1492 1647 1580 1684 dire
1618 1647 1684 1684 del
1723 1652 1862 1684 nostro
1901 1653 2057 1693 autore,
2100 1647 2175 1684 6116

466 1719 608 1761 questo
639 1713 790 1749 devoto
821 1712 938 1749 Frate
968 1713 1000 1750 si
1021 1713 1122 1750 mise
1150 1713 1230 1750 alla
1259 1713 1471 1762 preghiera
1500 1725 1571 1761 per
1600 1725 1693 1749 aver
1724 1714 1820 1750 lette
1841 1714 1877 1750 16
1897 1713 2038 1762 parole
2067 1713 2175 1750 della

465 1778 681 1826 Leggenda
709 1779 751 1814 di
778 1778 816 1815 S.
852 1778 1077 1815 Francesco
1109 1778 1161 1815 da
1190 1779 1259 1815 noi
1290 1778 1452 1823 riferite‚
1486 1791 1570 1815 non
1599 1779 1715 1815 viene
1755 1784 1864 1815 certo
1903 1791 1926 1815 a
1965 1779 2175 1815 escludere

466 1845 502 1881 13
530 1844 680 1881 notizia
709 1845 869 1881 almeno
892 1857 913 1881 e
934 1845 971 1881 la
992 1856 1200 1893 promessa
1221 1845 1426 1881 dell’altra
1440 1845 1686 1881 rivelazione
1705 1851 1950 1888 accennata;
1984 1845 2173 1882 veniamo

466 1910 598 1946 subito
628 1922 651 1946 a
680 1910 896 1947 formulare
926 1922 1045 1959 sopra
1075 1910 1207 1959 questi
1237 1910 1317 1946 due
1348 1910 1513 1958 capitoli
1544 1916 1602 1947 tre
1632 1910 1867 1947 domande:

545 1974 722 2021 Quando
752 1987 934 2012 avvenne
964 1982 1106 2025 questa
1135 1976 1315 2012 seconda
1343 1975 1621 2012 rivelazione?

543 2040 619 2077 Chi
649 2041 688 2077 fu
719 2041 745 2077 il
775 2040 892 2078 Frate
923 2041 988 2078 cui
1019 2041 1060 2078 fu
1090 2041 1222 2078 satta?

544 2106 661 2143 Dove
691 2107 769 2143 ella
798 2107 839 2143 fu
869 2107 998 2144 satta?

545 2172 636 2209 Alla
663 2173 791 2221 prima
820 2173 1026 2210 domanda
1056 2174 1087 2210 si
1117 2171 1198 2222 puo
1229 2173 1467 2222 rispondere
1499 2173 1574 2209 che
1613 2173 1805 2210 abbiamo
1836 2173 1924 2210 solo
1963 2173 1974 2208 i
2013 2173 2173 2210 termini

466 2238 639 2282 estremi‚
671 2250 753 2275 uno
783 2239 920 2288 spazio
951 2237 1040 2276 6106
1071 2239 1112 2275 (11
1143 2239 1248 2276 61163
1279 2237 1566 2284 sessant'anni,
1599 2244 1714 2276 entro
1754 2239 1766 2275 i
1805 2239 1916 2288 quali
1947 2239 2025 2275 ella
2063 2244 2172 2275 certo

466 2303 506 2339 fu
535 2303 644 2341 satta.
676 2303 725 2340 Se
755 2304 885 2341 infatti
917 2306 953 2342 la
982 2305 1227 2342 rivelazione
1257 2327 1307 2353 —j
1337 2305 1602 2354 deposizione
1633 2305 1674 2341 di
1705 2304 1781 2341 Fra
1820 2305 1977 2341 Matteo
2006 2305 2059 2341 da
2097 2303 2174 2341 Ca-

465 2368 625 2416 stiglion
654 2369 906 2415 Fiorenfino,
939 2371 1043 2407 dove
1074 2377 1216 2419 questa
1244 2371 1489 2407 rivelazione
1507 2371 1685 2408 seconda
1705 2371 1737 2407 si
1758 2370 2048 2419 preannunzia,
2073 2367 2174 2420 (cosi

466 2431 487 2469 6
507 2445 662 2482 sempre
692 2441 794 2472 stato
824 2436 969 2481 inteso,
1003 2449 1024 2473 e
1054 2449 1138 2473 non
1166 2437 1323 2473 sembra
1353 2448 1395 2473 56
1424 2449 1475 2473 116
1504 2448 1624 2485 possa
1654 2435 1855 2486 dubitare)
1896 2433 1918 2472 6
1947 2436 2013 2472 (161
2056 2434 2170 2481 1282,

466 2511 486 2535 e
516 2500 582 2536 nel
608 2511 703 2548 1343
736 2499 908 2538 l'autore
938 2502 980 2538 di
1010 2503 1140 2551 questi
1171 2502 1336 2551 capitoli
1366 2514 1407 2539 56
1437 2503 1474 2539 13
1503 2509 1617 2540 sente
1645 2508 1880 2539 raccontare
1910 2502 1990 2539 alla
2020 2501 2170 2547 Verna,

464 2576 515 2601 ne
544 2565 659 2602 viene
689 2566 729 2602 di
759 2579 1041 2615 conseguenza
1070 2568 1145 2605 che
1175 2580 1360 2605 avvenne
1391 2569 1559 2617 dunque
1591 2568 1735 2605 dentro
1767 2568 1862 2616 quel
1891 2573 2043 2616 tempo.

544 2630 636 2667 Alla
666 2632 844 2668 seconda
874 2633 913 2669 io
943 2634 1050 2670 avrei
1081 2634 1214 2682 voglia
1245 2634 1286 2669 di
1316 2634 1571 2683 rispondere,
1615 2634 1690 2670 6116
1730 2645 1818 2670 6553
1847 2633 1888 2669 fu
1928 2633 2026 2670 fatta
2054 2633 2092 2669 al
2123 2632 2168 2670 Β.

467 2695 648 2733 Corrado
670 2697 722 2733 da
752 2696 898 2743 Offida‚
932 2711 955 2735 o
986 2699 1090 2736 forse
1121 2700 1158 2736 al
1190 2700 1234 2736 B.
1271 2699 1477 2736 Giovanni
1508 2700 1616 2736 dalla
1647 2699 1798 2744 Verria,
1840 2711 1875 2744 e,
1918 2699 2056 2743 credo,
2097 2698 2171 2735 6116

465 2774 488 2798 3
516 2773 641 2810 prova
670 2762 711 2798 di
742 2761 819 2807 cio,
852 2776 935 2800 non
966 2765 1310 2802 mancherebbero
1341 2766 1448 2802 delle
1479 2766 1614 2802 buone
1653 2765 1821 2813 ragioni.
1857 2764 1927 2800 Ma
1956 2764 2172 2801 dicendoci

466 2825 637 2864 l’autore
666 2828 904 2873 medesimo,
937 2831 1100 2866 credere
1131 2831 1207 2878 egli
1239 2831 1264 2867 il
1304 2831 1473 2868 vecchio
1518 2831 1635 2867 Frate
1679 2842 1785 2867 esser
1828 2830 1950 2875 colui,
1999 2830 2062 2866 cui
2104 2842 2171 2866 era

465 2898 567 2929 stata
596 2893 693 2929 satta
724 2894 760 2930 13
789 2894 1049 2940 rivelazione,
1082 2894 1239 2932 benche
1271 2897 1306 2932 13
1335 2903 1590 2933 raccontasse
1630 2908 1746 2933 come
1789 2901 1991 2932 avvenuta
2032 2895 2086 2932 ad
2115 2907 2168 2931 un

465 2964 588 3003 terzo,
629 2959 698 2995 noi
729 2959 767 2995 lo
798 2960 1034 3008 prendiamo
1064 2961 1275 2997 volentieri
1306 2962 1347 2998 in
1376 2963 1531 3011 parola,
1562 2959 1728 3010 giacche
1750 2962 1787 2998 la
1816 2962 2034 2998 sfumatura
2063 2961 2171 2997 della

560 3093 613 3138 (1)
641 3096 829 3137 Speculum
856 3107 940 3134 ecc.‚
969 3097 1027 3127 fol.
1058 3105 1101 3136 99
1129 3108 1204 3135 rv.;
1242 3097 1432 3138 Opust-mles
1459 3109 1544 3136 ecc.‚
1573 3109 1648 3140 pag.
1692 3106 1748 3138 77,
1791 3098 1833 3129 da
1869 3109 1915 3129 un
1942 3098 2056 3129 codice
2081 3097 2169 3128 della

465 3154 624 3195 Legenda
659 3154 771 3186 Vetus.
