2325 3552
423 195 496 228 282
858 196 900 230 P.
932 195 1210 232 ZEFFIRINO
1242 196 1465 232 LAZZERI
1495 197 1539 232 O.
1568 199 1613 232 F.
1644 199 1695 232 M.

421 354 628 390 Minorum
659 361 698 390 et
726 354 766 391 S.
800 354 943 391 Clarae
974 355 1184 392 Protector
1213 368 1284 404 per
1313 356 1460 393 Sedem
1490 358 1770 407 Apostolicam
1809 358 2036 406 specialiter
2065 360 2135 395 de-

419 425 597 467 putatus,
631 432 677 456 ac
708 420 759 456 ad
790 420 1042 468 infrascripta
1071 433 1094 456 a
1125 420 1307 458 Domino
1338 422 1490 459 Nostro
1530 423 1643 471 Papa
1681 422 1991 460 Commissarius
2027 424 2134 460 ordi-

419 490 553 520 natus.

508 564 524 581 «
539 549 774 585 Venerabili
794 550 901 586 Patri
922 549 1114 587 Generali
1136 552 1325 588 Ministro
1347 553 1444 589 dicti
1463 552 1629 589 Ordinis
1643 553 1864 598 Minorum,
1883 565 1929 589 ac
1940 553 2137 601 religiosis

419 613 512 650 viris
541 614 737 651 universis
767 627 813 651 ac
858 616 1025 663 singulis
1054 616 1377 654 Provincialibus
1407 618 1618 663 Ministris,
1662 618 1926 664 Custodibus,
1966 618 2138 656 Vicariis

419 679 645 727 ceterisque
674 680 916 717 officialibus
947 681 1131 718 eiusdem
1161 681 1343 728 Ordinis,
1376 695 1448 731 per
1476 682 1515 719 S.
1550 683 1754 719 Francisci
1784 689 1823 719 et
1852 683 2024 720 Tusciae
2044 696 2137 732 pro-

418 743 572 780 vincias
589 745 832 790 constitutis,
853 752 892 782 et
911 758 1050 782 corum
1072 747 1252 795 singulis,
1273 748 1443 784 salutem
1459 749 1500 783 in
1517 748 1697 784 Domino
1715 754 1754 784 et
1774 749 1977 785 mandatis
1991 749 2137 786 nostris

419 808 501 844 imo
530 810 662 846 verius
692 811 927 859 apostolicis
958 812 1124 848 firmiter
1152 813 1334 849 obedire.

511 876 649 912 «Cum
680 877 731 912 ad
767 877 1089 912 conservandam
1130 877 1357 925 Religionis
1398 878 1670 925 integritatem
1712 878 1822 914 omni
1862 879 2137 915 sollicitudine

419 944 468 980 sit
490 942 728 985 curandum,
751 947 795 977 ut
815 941 855 977 in
886 942 943 977 eis
972 942 1071 978 locis
1101 942 1206 978 fama
1227 943 1458 979 devotionis
1480 943 1637 979 illibata
1657 949 1904 991 permaneat,
1929 944 1970 979 in
1990 944 2136 991 quibus

419 1009 507 1056 ipsa
535 1007 677 1054 religio
708 1006 791 1042 visa
821 1012 881 1042 est
911 1007 1096 1055 coepisse
1128 1014 1167 1043 et
1197 1008 1417 1055 sumpsisse
1438 1008 1673 1044 devotionis
1695 1008 1934 1044 exordium:
1959 1008 2047 1045 Nos
2067 1009 2136 1057 qui

419 1079 575 1109 vestrae
606 1072 832 1119 Religionis
863 1077 901 1108 et
933 1071 1099 1108 Ordinis
1131 1084 1267 1108 sumus
1298 1085 1347 1108 ex
1376 1073 1558 1109 iniuncta
1587 1073 1707 1109 nobis
1728 1073 1968 1109 auctoritate
1985 1086 2058 1122 per
2078 1074 2136 1110 di·

419 1145 525 1175 ctam
553 1138 699 1173 Sedem.
731 1137 1011 1185 Apostolicam
1033 1137 1303 1181 Protectores,
1328 1139 1549 1186 praecipua
1569 1139 1781 1186 diligentia
1801 1139 1984 1186 cogimur
2011 1139 2137 1187 ipsius

419 1210 574 1240 vestrae
604 1203 831 1249 Religionis
862 1203 950 1239 loca
980 1203 1172 1250 pristinae
1204 1203 1423 1250 integritati
1454 1204 1650 1249 converti,
1684 1204 1725 1238 in
1745 1204 1893 1251 quibus
1922 1204 2041 1240 vestri
2062 1203 2136 1241 Or-

419 1269 526 1304 dinis
555 1268 792 1304 fundatores
820 1268 1043 1316 praecipui,
1078 1268 1130 1304 ad
1160 1268 1489 1316 amplificandam
1510 1269 1635 1316 ipsius
1667 1268 1891 1316 Religionis
1929 1270 2135 1317 sequelam

420 1334 647 1370 divinarum
680 1333 859 1368 claruere
888 1333 1079 1368 virtutum
1110 1333 1314 1369 miraculis
1344 1340 1382 1370 et
1413 1334 1622 1382 exemplis.

508 1398 681 1446 «Nuper
713 1398 832 1445 igitur
872 1398 1073 1435 Dominus
1112 1406 1250 1435 noster
1290 1399 1412 1434 Doni.
1456 1399 1663 1446 Eugenius
1703 1399 1843 1435 divina
1880 1400 2137 1447 providentia

421 1465 531 1512 Papa
553 1463 746 1509 Quartus,
770 1475 819 1499 ex
839 1464 1140 1511 fidedignorum
1163 1464 1489 1500 intimationibus
1511 1470 1550 1500 et
1569 1465 1836 1501 relationibus
1856 1465 2013 1513 accepit
2032 1465 2137 1501 noti·

419 1529 532 1573 tiam,
567 1529 679 1576 quod
710 1529 752 1563 in
780 1529 871 1564 loco
902 1528 1058 1565 Montis
1088 1528 1306 1574 Alvernae‚
1339 1529 1379 1564 in
1401 1541 1482 1577 quo
1504 1529 1673 1565 Sanctus
1694 1529 1931 1565 Franciscus
1952 1529 2070 1565 Pater
2098 1534 2137 1565 et

419 1595 502 1630 dux
531 1600 660 1630 vester
691 1594 881 1630 Crucifixi
920 1595 1106 1641 stigmata
1144 1607 1194 1630 ex
1232 1595 1487 1643 apparitione
1526 1594 1744 1643 Seraphica
1765 1596 1875 1631 dono
1914 1595 2137 1631 divinitatis

419 1659 610 1704 obtinuit,
644 1659 840 1695 continuo
871 1658 1030 1695 Fratres
1060 1660 1159 1695 dicti
1189 1659 1324 1696 Sancti
1357 1660 1554 1707 Regulam
1586 1661 1845 1696 observantes
1875 1660 2021 1707 degere
2041 1672 2137 1696 con—

419 1730 650 1768 sueverunt,
685 1736 856 1772 quorum
887 1725 968 1760 vita
999 1731 1037 1760 et
1066 1737 1199 1761 mores
1230 1725 1388 1773 optimi,
1423 1725 1549 1773 ipsius
1572 1725 1649 1761 loci
1671 1725 1932 1761 devotionem
1948 1737 2032 1761 non
2050 1737 2137 1761 mo-

419 1790 552 1826 dicam
582 1790 826 1826 dilatarunt:
860 1791 1123 1838 postmodum
1153 1802 1248 1826 vero
1279 1790 1459 1838 ipsorum
1490 1791 1697 1826 dilabente
1728 1790 1941 1829 curriculo.
1979 1789 2136 1827 Fratres

419 1855 519 1891 inibi
550 1861 862 1900 commorantes,
897 1856 1232 1903 predecessorum
1264 1856 1517 1892 declinantes
1545 1856 1727 1903 vestigia,
1762 1856 1896 1891 locum
1917 1856 2029 1891 illum
2066 1867 2137 1903 per

419 1920 718 1956 successionem
749 1926 977 1968 temporum
999 1921 1242 1965 detinentes,
1268 1922 1504 1969 premissam
1526 1919 1838 1957 Observantiam
1859 1921 2036 1956 strictam
2066 1920 2136 1956 ali—

419 1985 590 2033 qualiter
612 1985 861 2029 laxaverunt,
885 1997 933 2021 ea
954 1992 1117 2033 propter
1138 1986 1268 2033 prisca
1291 1986 1455 2022 devotio
1478 1986 1659 2021 fidelium
1677 1986 1906 2033 refrigerata
1926 1991 2135 2021 censeatur

419 2053 458 2083 et
489 2048 603 2095 quasi
633 2048 803 2084 iudicari
835 2054 968 2096 potest
998 2048 1191 2084 extincta.

507 2128 522 2145 «
538 2111 675 2158 Quare
693 2113 801 2149 idem
822 2113 1024 2149 Dominus
1047 2113 1207 2156 Noster,
1232 2114 1285 2149 ad
1308 2114 1587 2161 integrandam
1608 2113 1734 2161 ipsius
1755 2113 1833 2148 loci
1855 2113 2130 2158 devotionem,

418 2178 539 2213 nobis
568 2184 761 2226 tanquam
791 2178 890 2214 dicti
920 2177 1088 2215 Ordinis
1118 2178 1344 2215 Protectori
1377 2190 1473 2215 suae
1504 2179 1619 2214 vivae
1639 2178 1750 2214 vocis
1780 2178 1946 2214 oraculo
1968 2178 2135 2214 commi-

419 2242 469 2278 sit
499 2249 537 2278 et
566 2243 790 2288 mandavit,
823 2236 866 2279 ut
896 2244 1026 2292 ipsum
1059 2244 1194 2280 locum
1234 2244 1388 2280 Montis
1410 2244 1611 2280 Alvernae
1651 2243 1857 2279 Fratribus
1896 2243 2134 2279 strictiorem

418 2308 599 2355 regulam
630 2309 938 2345 observantibus
966 2309 1123 2345 restitui
1153 2309 1454 2354 mandaremus,
1489 2315 1528 2345 et
1556 2309 1784 2345 restitutum
1806 2308 1959 2344 eisdem
1989 2307 2134 2344 Fratri-

419 2373 494 2408 bus
524 2373 856 2410 confirmaremus
886 2374 1050 2422 proprio
1082 2375 1405 2421 gubernandum.

508 2438 628 2474 «Nos
659 2438 778 2486 igitur
807 2439 1134 2475 commissionem
1163 2445 1203 2475 et
1222 2440 1458 2475 mandatum
1482 2439 1765 2487 Apostolicum
1786 2438 1896 2474 omni
1918 2450 1997 2486 qua
2017 2439 2135 2475 decet

421 2502 657 2539 obedientia
686 2510 959 2551 capessentes,
984 2504 1198 2552 ipsumque
1228 2505 1465 2540 mandatum
1496 2510 1535 2540 et
1556 2503 1882 2540 commissionem
1904 2503 2136 2539 executioni

420 2567 558 2603 debite
587 2568 836 2604 demandare
868 2576 1074 2605 curantes:
1116 2569 1246 2605 Vobis
1284 2569 1481 2605 universis
1519 2575 1558 2605 et
1597 2569 1765 2616 singulis
1785 2567 2057 2605 Generalibus
2095 2574 2135 2604 et

420 2631 742 2668 Provincialibus
764 2633 972 2677 Ministris,
998 2633 1261 2677 Custodibus‚
1286 2633 1473 2678 Vicariis,
1507 2633 1732 2681 ceterisque
1763 2632 2016 2669 Officialibus
2036 2633 2134 2669 dicti

421 2695 587 2733 Ordinis
616 2697 881 2745 praefatarum
905 2698 1222 2743 Provinciarum,
1257 2704 1296 2734 et
1316 2705 1492 2735 vestrum
1513 2699 1692 2742 cuilibet,
1719 2698 1944 2734 comuniter
1971 2704 2010 2733 et
2031 2698 2134 2734 divi-

420 2761 508 2807 sim,
542 2774 590 2797 ex
620 2762 800 2811 injuncta
830 2763 947 2799 nobis
976 2764 1216 2799 auctoritate
1244 2764 1483 2811 apostolica,
1516 2775 1595 2811 qua
1617 2763 1819 2810 fungimur
1838 2763 1879 2798 in
1898 2763 1974 2799 hac
2003 2769 2130 2810 parte,

420 2827 661 2863 mandamus
689 2828 763 2863 sub
791 2840 925 2876 poena
955 2828 1360 2873 excomunicationis,
1395 2840 1516 2876 quam
1547 2829 1578 2864 si
1617 2835 1757 2864 contra
1787 2828 2023 2864 mandatum
2061 2840 2133 2864 no-

421 2898 545 2928 strum
574 2892 824 2937 huiusmodi,
857 2893 989 2929 verius
1019 2894 1305 2941 apostolicum,
1329 2894 1659 2937 contrafeceritis,
1693 2899 1762 2929 aut
1789 2893 1936 2941 aliquis
1957 2899 2133 2929 vestrum

420 2957 716 3001 contrafecerit,
750 2958 950 2994 incurrere
968 2959 1154 2994 volumus
1174 2959 1261 3006 ipso
1284 2958 1404 3002 facto,
1428 2959 1624 2994 canonica
1645 2958 1870 2994 monitione
1891 2958 2128 3006 praemissa:

421 3021 636 3068 Quatenus
664 3035 733 3059 vos
764 3024 825 3059 vel
856 3023 938 3059 duo
968 3029 1037 3059 aut
1066 3036 1184 3065 unus,
1219 3024 1378 3071 quoties
1407 3036 1478 3072 per
1499 3024 1630 3059 dictos
1652 3023 1807 3059 Fratres
1830 3023 2026 3070 Regulam
2047 3023 2133 3059 stri-

420 3088 587 3123 ctiorem
617 3088 878 3124 observantes
910 3088 1060 3124 fueritis
1090 3088 1287 3136 requisiti,
1321 3088 1542 3136 praefatum
1574 3089 1709 3124 locum
1739 3100 1830 3124 cum
1868 3088 2056 3124 omnibus
2093 3094 2133 3124 et
